;; -*- mode: org; mode: beancount; -*-
;; Birth: 1980-05-12
;; Dates: 2020-01-01 - 2022-11-15
;; THIS FILE HAS BEEN AUTO-GENERATED.
* Options

option "title" "Example Beancount file"
option "operating_currency" "USD"




* Commodities


1792-01-01 commodity USD
  export: "CASH"
  name: "US Dollar"

1900-01-01 commodity VMMXX
  export: "MUTF:VMMXX (MONEY:USD)"

1980-05-12 commodity VACHR
  export: "IGNORE"
  name: "Employer Vacation Hours"

1980-05-12 commodity IRAUSD
  export: "IGNORE"
  name: "US 401k and IRA Contributions"

1995-09-18 commodity VBMPX
  export: "MUTF:VBMPX"
  name: "Vanguard Total Bond Market Index Fund Institutional Plus Shares"
  price: "USD:google/MUTF:VBMPX"

2004-01-20 commodity ITOT
  export: "NYSEARCA:ITOT"
  name: "iShares Core S&P Total U.S. Stock Market ETF"
  price: "USD:google/NYSEARCA:ITOT"

2004-01-26 commodity VHT
  export: "NYSEARCA:VHT"
  name: "Vanguard Health Care ETF"
  price: "USD:google/NYSEARCA:VHT"

2004-11-01 commodity GLD
  export: "NYSEARCA:GLD"
  name: "SPDR Gold Trust (ETF)"
  price: "USD:google/NYSEARCA:GLD"

2007-07-20 commodity VEA
  export: "NYSEARCA:VEA"
  name: "Vanguard FTSE Developed Markets ETF"
  price: "USD:google/NYSEARCA:VEA"

2009-05-01 commodity RGAGX
  export: "MUTF:RGAGX"
  name: "American Funds The Growth Fund of America Class R-6"
  price: "USD:google/MUTF:RGAGX"



* Equity Accounts

1980-05-12 open Equity:Opening-Balances
1980-05-12 open Liabilities:AccountsPayable



* Banking

2020-01-01 open Assets:US:BofA
  address: "123 America Street, LargeTown, USA"
  institution: "Bank of America"
  phone: "+1.012.345.6789"
2020-01-01 open Assets:US:BofA:Checking                        USD
  account: "00234-48574897"

2020-01-01 * "Opening Balance for checking account"
  Assets:US:BofA:Checking                          3698.34 USD
  Equity:Opening-Balances                         -3698.34 USD

2020-01-02 balance Assets:US:BofA:Checking         3698.34 USD

2020-01-04 * "BANK FEES" "Monthly bank fee"
  Assets:US:BofA:Checking                            -4.00 USD
  Expenses:Financial:Fees                             4.00 USD

2020-01-05 * "RiverBank Properties" "Paying the rent"
  Assets:US:BofA:Checking                         -2400.00 USD
  Expenses:Home:Rent                               2400.00 USD

2020-01-08 * "EDISON POWER" ""
  Assets:US:BofA:Checking                           -65.00 USD
  Expenses:Home:Electricity                          65.00 USD

2020-01-20 * "Verizon Wireless" ""
  Assets:US:BofA:Checking                           -50.65 USD
  Expenses:Home:Phone                                50.65 USD

2020-01-23 * "Wine-Tarner Cable" ""
  Assets:US:BofA:Checking                           -79.96 USD
  Expenses:Home:Internet                             79.96 USD

2020-01-31 balance Assets:US:BofA:Checking         5052.78 USD

2020-02-04 * "BANK FEES" "Monthly bank fee"
  Assets:US:BofA:Checking                            -4.00 USD
  Expenses:Financial:Fees                             4.00 USD

2020-02-04 * "RiverBank Properties" "Paying the rent"
  Assets:US:BofA:Checking                         -2400.00 USD
  Expenses:Home:Rent                               2400.00 USD

2020-02-09 * "EDISON POWER" ""
  Assets:US:BofA:Checking                           -65.00 USD
  Expenses:Home:Electricity                          65.00 USD

2020-02-18 * "Verizon Wireless" ""
  Assets:US:BofA:Checking                           -68.80 USD
  Expenses:Home:Phone                                68.80 USD

2020-02-21 balance Assets:US:BofA:Checking         3238.21 USD

2020-02-22 * "Wine-Tarner Cable" ""
  Assets:US:BofA:Checking                           -79.99 USD
  Expenses:Home:Internet                             79.99 USD

2020-03-04 * "BANK FEES" "Monthly bank fee"
  Assets:US:BofA:Checking                            -4.00 USD
  Expenses:Financial:Fees                             4.00 USD

2020-03-06 * "RiverBank Properties" "Paying the rent"
  Assets:US:BofA:Checking                         -2400.00 USD
  Expenses:Home:Rent                               2400.00 USD

2020-03-09 * "EDISON POWER" ""
  Assets:US:BofA:Checking                           -65.00 USD
  Expenses:Home:Electricity                          65.00 USD

2020-03-13 balance Assets:US:BofA:Checking         2792.70 USD

2020-03-19 * "Verizon Wireless" ""
  Assets:US:BofA:Checking                           -57.24 USD
  Expenses:Home:Phone                                57.24 USD

2020-03-22 * "Wine-Tarner Cable" ""
  Assets:US:BofA:Checking                           -79.99 USD
  Expenses:Home:Internet                             79.99 USD

2020-04-03 * "RiverBank Properties" "Paying the rent"
  Assets:US:BofA:Checking                         -2400.00 USD
  Expenses:Home:Rent                               2400.00 USD

2020-04-04 balance Assets:US:BofA:Checking         1606.07 USD

2020-04-04 * "BANK FEES" "Monthly bank fee"
  Assets:US:BofA:Checking                            -4.00 USD
  Expenses:Financial:Fees                             4.00 USD

2020-04-09 * "EDISON POWER" ""
  Assets:US:BofA:Checking                           -65.00 USD
  Expenses:Home:Electricity                          65.00 USD

2020-04-19 * "Verizon Wireless" ""
  Assets:US:BofA:Checking                           -70.43 USD
  Expenses:Home:Phone                                70.43 USD

2020-04-23 * "Wine-Tarner Cable" ""
  Assets:US:BofA:Checking                           -80.15 USD
  Expenses:Home:Internet                             80.15 USD

2020-04-25 balance Assets:US:BofA:Checking         3265.98 USD

2020-05-03 * "RiverBank Properties" "Paying the rent"
  Assets:US:BofA:Checking                         -2400.00 USD
  Expenses:Home:Rent                               2400.00 USD

2020-05-04 * "BANK FEES" "Monthly bank fee"
  Assets:US:BofA:Checking                            -4.00 USD
  Expenses:Financial:Fees                             4.00 USD

2020-05-08 * "EDISON POWER" ""
  Assets:US:BofA:Checking                           -65.00 USD
  Expenses:Home:Electricity                          65.00 USD

2020-05-15 balance Assets:US:BofA:Checking         1252.34 USD

2020-05-20 * "Verizon Wireless" ""
  Assets:US:BofA:Checking                           -68.88 USD
  Expenses:Home:Phone                                68.88 USD

2020-05-21 * "Wine-Tarner Cable" ""
  Assets:US:BofA:Checking                           -79.92 USD
  Expenses:Home:Internet                             79.92 USD

2020-06-03 * "RiverBank Properties" "Paying the rent"
  Assets:US:BofA:Checking                         -2400.00 USD
  Expenses:Home:Rent                               2400.00 USD

2020-06-04 * "BANK FEES" "Monthly bank fee"
  Assets:US:BofA:Checking                            -4.00 USD
  Expenses:Financial:Fees                             4.00 USD

2020-06-09 * "EDISON POWER" ""
  Assets:US:BofA:Checking                           -65.00 USD
  Expenses:Home:Electricity                          65.00 USD

2020-06-11 balance Assets:US:BofA:Checking          714.24 USD

2020-06-18 * "Verizon Wireless" ""
  Assets:US:BofA:Checking                           -50.42 USD
  Expenses:Home:Phone                                50.42 USD

2020-06-22 * "Wine-Tarner Cable" ""
  Assets:US:BofA:Checking                           -80.14 USD
  Expenses:Home:Internet                             80.14 USD

2020-07-04 * "BANK FEES" "Monthly bank fee"
  Assets:US:BofA:Checking                            -4.00 USD
  Expenses:Financial:Fees                             4.00 USD

2020-07-04 * "RiverBank Properties" "Paying the rent"
  Assets:US:BofA:Checking                         -2400.00 USD
  Expenses:Home:Rent                               2400.00 USD

2020-07-09 * "EDISON POWER" ""
  Assets:US:BofA:Checking                           -65.00 USD
  Expenses:Home:Electricity                          65.00 USD

2020-07-11 balance Assets:US:BofA:Checking               0 USD

2020-07-20 * "Verizon Wireless" ""
  Assets:US:BofA:Checking                           -60.52 USD
  Expenses:Home:Phone                                60.52 USD

2020-07-21 * "Wine-Tarner Cable" ""
  Assets:US:BofA:Checking                           -79.82 USD
  Expenses:Home:Internet                             79.82 USD

2020-08-04 * "BANK FEES" "Monthly bank fee"
  Assets:US:BofA:Checking                            -4.00 USD
  Expenses:Financial:Fees                             4.00 USD

2020-08-04 * "RiverBank Properties" "Paying the rent"
  Assets:US:BofA:Checking                         -2400.00 USD
  Expenses:Home:Rent                               2400.00 USD

2020-08-07 balance Assets:US:BofA:Checking          856.86 USD

2020-08-09 * "EDISON POWER" ""
  Assets:US:BofA:Checking                           -65.00 USD
  Expenses:Home:Electricity                          65.00 USD

2020-08-20 * "Verizon Wireless" ""
  Assets:US:BofA:Checking                           -59.94 USD
  Expenses:Home:Phone                                59.94 USD

2020-08-21 * "Wine-Tarner Cable" ""
  Assets:US:BofA:Checking                           -80.14 USD
  Expenses:Home:Internet                             80.14 USD

2020-09-04 * "BANK FEES" "Monthly bank fee"
  Assets:US:BofA:Checking                            -4.00 USD
  Expenses:Financial:Fees                             4.00 USD

2020-09-05 * "RiverBank Properties" "Paying the rent"
  Assets:US:BofA:Checking                         -2400.00 USD
  Expenses:Home:Rent                               2400.00 USD

2020-09-06 balance Assets:US:BofA:Checking         2817.24 USD

2020-09-08 * "EDISON POWER" ""
  Assets:US:BofA:Checking                           -65.00 USD
  Expenses:Home:Electricity                          65.00 USD

2020-09-11 * "Transfering accumulated savings to other account"
  Assets:US:BofA:Checking                            -4000 USD
  Assets:US:ETrade:Cash                               4000 USD

2020-09-20 * "Verizon Wireless" ""
  Assets:US:BofA:Checking                           -62.41 USD
  Expenses:Home:Phone                                62.41 USD

2020-09-21 * "Wine-Tarner Cable" ""
  Assets:US:BofA:Checking                           -80.07 USD
  Expenses:Home:Internet                             80.07 USD

2020-10-04 balance Assets:US:BofA:Checking         3194.52 USD

2020-10-04 * "BANK FEES" "Monthly bank fee"
  Assets:US:BofA:Checking                            -4.00 USD
  Expenses:Financial:Fees                             4.00 USD

2020-10-04 * "RiverBank Properties" "Paying the rent"
  Assets:US:BofA:Checking                         -2400.00 USD
  Expenses:Home:Rent                               2400.00 USD

2020-10-08 * "EDISON POWER" ""
  Assets:US:BofA:Checking                           -65.00 USD
  Expenses:Home:Electricity                          65.00 USD

2020-10-20 * "Verizon Wireless" ""
  Assets:US:BofA:Checking                           -70.35 USD
  Expenses:Home:Phone                                70.35 USD

2020-10-23 * "Wine-Tarner Cable" ""
  Assets:US:BofA:Checking                           -80.04 USD
  Expenses:Home:Internet                             80.04 USD

2020-10-25 balance Assets:US:BofA:Checking         5007.13 USD

2020-11-03 * "RiverBank Properties" "Paying the rent"
  Assets:US:BofA:Checking                         -2400.00 USD
  Expenses:Home:Rent                               2400.00 USD

2020-11-04 * "BANK FEES" "Monthly bank fee"
  Assets:US:BofA:Checking                            -4.00 USD
  Expenses:Financial:Fees                             4.00 USD

2020-11-06 * "Transfering accumulated savings to other account"
  Assets:US:BofA:Checking                            -4000 USD
  Assets:US:ETrade:Cash                               4000 USD

2020-11-09 * "EDISON POWER" ""
  Assets:US:BofA:Checking                           -65.00 USD
  Expenses:Home:Electricity                          65.00 USD

2020-11-15 balance Assets:US:BofA:Checking          363.20 USD

2020-11-19 * "Verizon Wireless" ""
  Assets:US:BofA:Checking                           -60.05 USD
  Expenses:Home:Phone                                60.05 USD

2020-11-23 * "Wine-Tarner Cable" ""
  Assets:US:BofA:Checking                           -79.84 USD
  Expenses:Home:Internet                             79.84 USD

2020-12-04 * "BANK FEES" "Monthly bank fee"
  Assets:US:BofA:Checking                            -4.00 USD
  Expenses:Financial:Fees                             4.00 USD

2020-12-05 * "RiverBank Properties" "Paying the rent"
  Assets:US:BofA:Checking                         -2400.00 USD
  Expenses:Home:Rent                               2400.00 USD

2020-12-08 * "EDISON POWER" ""
  Assets:US:BofA:Checking                           -65.00 USD
  Expenses:Home:Electricity                          65.00 USD

2020-12-11 balance Assets:US:BofA:Checking         2163.79 USD

2020-12-19 * "Verizon Wireless" ""
  Assets:US:BofA:Checking                           -65.53 USD
  Expenses:Home:Phone                                65.53 USD

2020-12-22 * "Wine-Tarner Cable" ""
  Assets:US:BofA:Checking                           -80.07 USD
  Expenses:Home:Internet                             80.07 USD

2021-01-01 balance Assets:US:BofA:Checking         7682.47 USD

2021-01-04 * "BANK FEES" "Monthly bank fee"
  Assets:US:BofA:Checking                            -4.00 USD
  Expenses:Financial:Fees                             4.00 USD

2021-01-05 * "RiverBank Properties" "Paying the rent"
  Assets:US:BofA:Checking                         -2400.00 USD
  Expenses:Home:Rent                               2400.00 USD

2021-01-08 * "EDISON POWER" ""
  Assets:US:BofA:Checking                           -65.00 USD
  Expenses:Home:Electricity                          65.00 USD

2021-01-20 * "Verizon Wireless" ""
  Assets:US:BofA:Checking                           -49.87 USD
  Expenses:Home:Phone                                49.87 USD

2021-01-21 * "Wine-Tarner Cable" ""
  Assets:US:BofA:Checking                           -79.89 USD
  Expenses:Home:Internet                             79.89 USD

2021-01-27 balance Assets:US:BofA:Checking         5792.95 USD

2021-02-04 * "BANK FEES" "Monthly bank fee"
  Assets:US:BofA:Checking                            -4.00 USD
  Expenses:Financial:Fees                             4.00 USD

2021-02-04 * "RiverBank Properties" "Paying the rent"
  Assets:US:BofA:Checking                         -2400.00 USD
  Expenses:Home:Rent                               2400.00 USD

2021-02-09 * "EDISON POWER" ""
  Assets:US:BofA:Checking                           -65.00 USD
  Expenses:Home:Electricity                          65.00 USD

2021-02-16 balance Assets:US:BofA:Checking         5271.76 USD

2021-02-18 * "Verizon Wireless" ""
  Assets:US:BofA:Checking                           -63.65 USD
  Expenses:Home:Phone                                63.65 USD

2021-02-21 * "Wine-Tarner Cable" ""
  Assets:US:BofA:Checking                           -80.16 USD
  Expenses:Home:Internet                             80.16 USD

2021-03-04 * "BANK FEES" "Monthly bank fee"
  Assets:US:BofA:Checking                            -4.00 USD
  Expenses:Financial:Fees                             4.00 USD

2021-03-04 * "RiverBank Properties" "Paying the rent"
  Assets:US:BofA:Checking                         -2400.00 USD
  Expenses:Home:Rent                               2400.00 USD

2021-03-09 balance Assets:US:BofA:Checking         4074.55 USD

2021-03-09 * "EDISON POWER" ""
  Assets:US:BofA:Checking                           -65.00 USD
  Expenses:Home:Electricity                          65.00 USD

2021-03-20 * "Verizon Wireless" ""
  Assets:US:BofA:Checking                           -62.04 USD
  Expenses:Home:Phone                                62.04 USD

2021-03-22 * "Wine-Tarner Cable" ""
  Assets:US:BofA:Checking                           -79.88 USD
  Expenses:Home:Internet                             79.88 USD

2021-04-04 * "BANK FEES" "Monthly bank fee"
  Assets:US:BofA:Checking                            -4.00 USD
  Expenses:Financial:Fees                             4.00 USD

2021-04-05 * "RiverBank Properties" "Paying the rent"
  Assets:US:BofA:Checking                         -2400.00 USD
  Expenses:Home:Rent                               2400.00 USD

2021-04-08 balance Assets:US:BofA:Checking         2676.97 USD

2021-04-08 * "EDISON POWER" ""
  Assets:US:BofA:Checking                           -65.00 USD
  Expenses:Home:Electricity                          65.00 USD

2021-04-19 * "Verizon Wireless" ""
  Assets:US:BofA:Checking                           -75.90 USD
  Expenses:Home:Phone                                75.90 USD

2021-04-23 * "Wine-Tarner Cable" ""
  Assets:US:BofA:Checking                           -79.95 USD
  Expenses:Home:Internet                             79.95 USD

2021-05-03 * "RiverBank Properties" "Paying the rent"
  Assets:US:BofA:Checking                         -2400.00 USD
  Expenses:Home:Rent                               2400.00 USD

2021-05-04 balance Assets:US:BofA:Checking         2005.57 USD

2021-05-04 * "BANK FEES" "Monthly bank fee"
  Assets:US:BofA:Checking                            -4.00 USD
  Expenses:Financial:Fees                             4.00 USD

2021-05-09 * "EDISON POWER" ""
  Assets:US:BofA:Checking                           -65.00 USD
  Expenses:Home:Electricity                          65.00 USD

2021-05-19 * "Verizon Wireless" ""
  Assets:US:BofA:Checking                           -66.01 USD
  Expenses:Home:Phone                                66.01 USD

2021-05-22 * "Wine-Tarner Cable" ""
  Assets:US:BofA:Checking                           -79.90 USD
  Expenses:Home:Internet                             79.90 USD

2021-05-25 balance Assets:US:BofA:Checking         4025.20 USD

2021-06-04 * "BANK FEES" "Monthly bank fee"
  Assets:US:BofA:Checking                            -4.00 USD
  Expenses:Financial:Fees                             4.00 USD

2021-06-06 * "RiverBank Properties" "Paying the rent"
  Assets:US:BofA:Checking                         -2400.00 USD
  Expenses:Home:Rent                               2400.00 USD

2021-06-09 * "EDISON POWER" ""
  Assets:US:BofA:Checking                           -65.00 USD
  Expenses:Home:Electricity                          65.00 USD

2021-06-19 * "Verizon Wireless" ""
  Assets:US:BofA:Checking                           -79.40 USD
  Expenses:Home:Phone                                79.40 USD

2021-06-21 * "Wine-Tarner Cable" ""
  Assets:US:BofA:Checking                           -80.01 USD
  Expenses:Home:Internet                             80.01 USD

2021-06-24 balance Assets:US:BofA:Checking         3333.98 USD

2021-07-04 * "BANK FEES" "Monthly bank fee"
  Assets:US:BofA:Checking                            -4.00 USD
  Expenses:Financial:Fees                             4.00 USD

2021-07-06 * "RiverBank Properties" "Paying the rent"
  Assets:US:BofA:Checking                         -2400.00 USD
  Expenses:Home:Rent                               2400.00 USD

2021-07-08 * "EDISON POWER" ""
  Assets:US:BofA:Checking                           -65.00 USD
  Expenses:Home:Electricity                          65.00 USD

2021-07-18 balance Assets:US:BofA:Checking         3140.14 USD

2021-07-20 * "Verizon Wireless" ""
  Assets:US:BofA:Checking                           -59.03 USD
  Expenses:Home:Phone                                59.03 USD

2021-07-23 * "Wine-Tarner Cable" ""
  Assets:US:BofA:Checking                           -79.88 USD
  Expenses:Home:Internet                             79.88 USD

2021-08-04 * "BANK FEES" "Monthly bank fee"
  Assets:US:BofA:Checking                            -4.00 USD
  Expenses:Financial:Fees                             4.00 USD

2021-08-06 * "RiverBank Properties" "Paying the rent"
  Assets:US:BofA:Checking                         -2400.00 USD
  Expenses:Home:Rent                               2400.00 USD

2021-08-08 * "EDISON POWER" ""
  Assets:US:BofA:Checking                           -65.00 USD
  Expenses:Home:Electricity                          65.00 USD

2021-08-11 balance Assets:US:BofA:Checking         1327.50 USD

2021-08-13 * "Transfering accumulated savings to other account"
  Assets:US:BofA:Checking                            -3000 USD
  Assets:US:ETrade:Cash                               3000 USD

2021-08-18 * "Verizon Wireless" ""
  Assets:US:BofA:Checking                           -75.89 USD
  Expenses:Home:Phone                                75.89 USD

2021-08-23 * "Wine-Tarner Cable" ""
  Assets:US:BofA:Checking                           -79.93 USD
  Expenses:Home:Internet                             79.93 USD

2021-09-02 balance Assets:US:BofA:Checking         2772.88 USD

2021-09-04 * "BANK FEES" "Monthly bank fee"
  Assets:US:BofA:Checking                            -4.00 USD
  Expenses:Financial:Fees                             4.00 USD

2021-09-06 * "RiverBank Properties" "Paying the rent"
  Assets:US:BofA:Checking                         -2400.00 USD
  Expenses:Home:Rent                               2400.00 USD

2021-09-08 * "EDISON POWER" ""
  Assets:US:BofA:Checking                           -65.00 USD
  Expenses:Home:Electricity                          65.00 USD

2021-09-19 * "Verizon Wireless" ""
  Assets:US:BofA:Checking                           -56.33 USD
  Expenses:Home:Phone                                56.33 USD

2021-09-22 * "Wine-Tarner Cable" ""
  Assets:US:BofA:Checking                           -80.00 USD
  Expenses:Home:Internet                             80.00 USD

2021-09-24 balance Assets:US:BofA:Checking         4596.89 USD

2021-10-04 * "BANK FEES" "Monthly bank fee"
  Assets:US:BofA:Checking                            -4.00 USD
  Expenses:Financial:Fees                             4.00 USD

2021-10-04 * "RiverBank Properties" "Paying the rent"
  Assets:US:BofA:Checking                         -2400.00 USD
  Expenses:Home:Rent                               2400.00 USD

2021-10-08 * "Transfering accumulated savings to other account"
  Assets:US:BofA:Checking                            -3500 USD
  Assets:US:ETrade:Cash                               3500 USD

2021-10-09 * "EDISON POWER" ""
  Assets:US:BofA:Checking                           -65.00 USD
  Expenses:Home:Electricity                          65.00 USD

2021-10-20 * "Verizon Wireless" ""
  Assets:US:BofA:Checking                           -63.48 USD
  Expenses:Home:Phone                                63.48 USD

2021-10-22 balance Assets:US:BofA:Checking         2991.35 USD

2021-10-22 * "Wine-Tarner Cable" ""
  Assets:US:BofA:Checking                           -80.21 USD
  Expenses:Home:Internet                             80.21 USD

2021-11-04 * "BANK FEES" "Monthly bank fee"
  Assets:US:BofA:Checking                            -4.00 USD
  Expenses:Financial:Fees                             4.00 USD

2021-11-06 * "RiverBank Properties" "Paying the rent"
  Assets:US:BofA:Checking                         -2400.00 USD
  Expenses:Home:Rent                               2400.00 USD

2021-11-09 * "EDISON POWER" ""
  Assets:US:BofA:Checking                           -65.00 USD
  Expenses:Home:Electricity                          65.00 USD

2021-11-18 balance Assets:US:BofA:Checking         2316.01 USD

2021-11-19 * "Transfering accumulated savings to other account"
  Assets:US:BofA:Checking                            -3000 USD
  Assets:US:ETrade:Cash                               3000 USD

2021-11-20 * "Verizon Wireless" ""
  Assets:US:BofA:Checking                           -44.46 USD
  Expenses:Home:Phone                                44.46 USD

2021-11-21 * "Wine-Tarner Cable" ""
  Assets:US:BofA:Checking                           -80.18 USD
  Expenses:Home:Internet                             80.18 USD

2021-12-04 * "BANK FEES" "Monthly bank fee"
  Assets:US:BofA:Checking                            -4.00 USD
  Expenses:Financial:Fees                             4.00 USD

2021-12-06 * "RiverBank Properties" "Paying the rent"
  Assets:US:BofA:Checking                         -2400.00 USD
  Expenses:Home:Rent                               2400.00 USD

2021-12-08 balance Assets:US:BofA:Checking         1888.57 USD

2021-12-09 * "EDISON POWER" ""
  Assets:US:BofA:Checking                           -65.00 USD
  Expenses:Home:Electricity                          65.00 USD

2021-12-18 * "Verizon Wireless" ""
  Assets:US:BofA:Checking                           -66.43 USD
  Expenses:Home:Phone                                66.43 USD

2021-12-21 * "Wine-Tarner Cable" ""
  Assets:US:BofA:Checking                           -79.82 USD
  Expenses:Home:Internet                             79.82 USD

2022-01-02 balance Assets:US:BofA:Checking         6630.58 USD

2022-01-03 * "RiverBank Properties" "Paying the rent"
  Assets:US:BofA:Checking                         -2400.00 USD
  Expenses:Home:Rent                               2400.00 USD

2022-01-04 * "BANK FEES" "Monthly bank fee"
  Assets:US:BofA:Checking                            -4.00 USD
  Expenses:Financial:Fees                             4.00 USD

2022-01-08 * "EDISON POWER" ""
  Assets:US:BofA:Checking                           -65.00 USD
  Expenses:Home:Electricity                          65.00 USD

2022-01-18 * "Verizon Wireless" ""
  Assets:US:BofA:Checking                           -50.76 USD
  Expenses:Home:Phone                                50.76 USD

2022-01-22 * "Wine-Tarner Cable" ""
  Assets:US:BofA:Checking                           -80.06 USD
  Expenses:Home:Internet                             80.06 USD

2022-01-30 balance Assets:US:BofA:Checking         6297.23 USD

2022-02-04 * "BANK FEES" "Monthly bank fee"
  Assets:US:BofA:Checking                            -4.00 USD
  Expenses:Financial:Fees                             4.00 USD

2022-02-04 * "RiverBank Properties" "Paying the rent"
  Assets:US:BofA:Checking                         -2400.00 USD
  Expenses:Home:Rent                               2400.00 USD

2022-02-09 * "EDISON POWER" ""
  Assets:US:BofA:Checking                           -65.00 USD
  Expenses:Home:Electricity                          65.00 USD

2022-02-20 * "Verizon Wireless" ""
  Assets:US:BofA:Checking                           -49.61 USD
  Expenses:Home:Phone                                49.61 USD

2022-02-22 * "Wine-Tarner Cable" ""
  Assets:US:BofA:Checking                           -79.91 USD
  Expenses:Home:Internet                             79.91 USD

2022-02-23 balance Assets:US:BofA:Checking         4226.06 USD

2022-03-04 * "BANK FEES" "Monthly bank fee"
  Assets:US:BofA:Checking                            -4.00 USD
  Expenses:Financial:Fees                             4.00 USD

2022-03-05 * "RiverBank Properties" "Paying the rent"
  Assets:US:BofA:Checking                         -2400.00 USD
  Expenses:Home:Rent                               2400.00 USD

2022-03-08 * "EDISON POWER" ""
  Assets:US:BofA:Checking                           -65.00 USD
  Expenses:Home:Electricity                          65.00 USD

2022-03-19 * "Verizon Wireless" ""
  Assets:US:BofA:Checking                           -44.33 USD
  Expenses:Home:Phone                                44.33 USD

2022-03-23 balance Assets:US:BofA:Checking         3302.91 USD

2022-03-23 * "Wine-Tarner Cable" ""
  Assets:US:BofA:Checking                           -79.83 USD
  Expenses:Home:Internet                             79.83 USD

2022-04-04 * "BANK FEES" "Monthly bank fee"
  Assets:US:BofA:Checking                            -4.00 USD
  Expenses:Financial:Fees                             4.00 USD

2022-04-06 * "RiverBank Properties" "Paying the rent"
  Assets:US:BofA:Checking                         -2400.00 USD
  Expenses:Home:Rent                               2400.00 USD

2022-04-08 * "EDISON POWER" ""
  Assets:US:BofA:Checking                           -65.00 USD
  Expenses:Home:Electricity                          65.00 USD

2022-04-17 balance Assets:US:BofA:Checking         2707.24 USD

2022-04-20 * "Verizon Wireless" ""
  Assets:US:BofA:Checking                           -77.76 USD
  Expenses:Home:Phone                                77.76 USD

2022-04-22 * "Wine-Tarner Cable" ""
  Assets:US:BofA:Checking                           -79.93 USD
  Expenses:Home:Internet                             79.93 USD

2022-05-04 * "BANK FEES" "Monthly bank fee"
  Assets:US:BofA:Checking                            -4.00 USD
  Expenses:Financial:Fees                             4.00 USD

2022-05-06 * "RiverBank Properties" "Paying the rent"
  Assets:US:BofA:Checking                         -2400.00 USD
  Expenses:Home:Rent                               2400.00 USD

2022-05-09 * "EDISON POWER" ""
  Assets:US:BofA:Checking                           -65.00 USD
  Expenses:Home:Electricity                          65.00 USD

2022-05-11 balance Assets:US:BofA:Checking         2162.27 USD

2022-05-19 * "Verizon Wireless" ""
  Assets:US:BofA:Checking                           -56.10 USD
  Expenses:Home:Phone                                56.10 USD

2022-05-21 * "Wine-Tarner Cable" ""
  Assets:US:BofA:Checking                           -79.96 USD
  Expenses:Home:Internet                             79.96 USD

2022-06-04 * "BANK FEES" "Monthly bank fee"
  Assets:US:BofA:Checking                            -4.00 USD
  Expenses:Financial:Fees                             4.00 USD

2022-06-04 * "RiverBank Properties" "Paying the rent"
  Assets:US:BofA:Checking                         -2400.00 USD
  Expenses:Home:Rent                               2400.00 USD

2022-06-08 * "EDISON POWER" ""
  Assets:US:BofA:Checking                           -65.00 USD
  Expenses:Home:Electricity                          65.00 USD

2022-06-09 balance Assets:US:BofA:Checking         1411.24 USD

2022-06-19 * "Verizon Wireless" ""
  Assets:US:BofA:Checking                           -42.05 USD
  Expenses:Home:Phone                                42.05 USD

2022-06-21 * "Wine-Tarner Cable" ""
  Assets:US:BofA:Checking                           -79.98 USD
  Expenses:Home:Internet                             79.98 USD

2022-07-04 * "BANK FEES" "Monthly bank fee"
  Assets:US:BofA:Checking                            -4.00 USD
  Expenses:Financial:Fees                             4.00 USD

2022-07-06 * "RiverBank Properties" "Paying the rent"
  Assets:US:BofA:Checking                         -2400.00 USD
  Expenses:Home:Rent                               2400.00 USD

2022-07-08 * "EDISON POWER" ""
  Assets:US:BofA:Checking                           -65.00 USD
  Expenses:Home:Electricity                          65.00 USD

2022-07-09 balance Assets:US:BofA:Checking         1521.41 USD

2022-07-18 * "Verizon Wireless" ""
  Assets:US:BofA:Checking                           -69.25 USD
  Expenses:Home:Phone                                69.25 USD

2022-07-23 * "Wine-Tarner Cable" ""
  Assets:US:BofA:Checking                           -79.98 USD
  Expenses:Home:Internet                             79.98 USD

2022-08-01 balance Assets:US:BofA:Checking         3376.17 USD

2022-08-04 * "BANK FEES" "Monthly bank fee"
  Assets:US:BofA:Checking                            -4.00 USD
  Expenses:Financial:Fees                             4.00 USD

2022-08-04 * "RiverBank Properties" "Paying the rent"
  Assets:US:BofA:Checking                         -2400.00 USD
  Expenses:Home:Rent                               2400.00 USD

2022-08-08 * "EDISON POWER" ""
  Assets:US:BofA:Checking                           -65.00 USD
  Expenses:Home:Electricity                          65.00 USD

2022-08-19 * "Verizon Wireless" ""
  Assets:US:BofA:Checking                           -39.60 USD
  Expenses:Home:Phone                                39.60 USD

2022-08-23 * "Wine-Tarner Cable" ""
  Assets:US:BofA:Checking                           -79.95 USD
  Expenses:Home:Internet                             79.95 USD

2022-08-29 balance Assets:US:BofA:Checking         4686.52 USD

2022-09-04 * "BANK FEES" "Monthly bank fee"
  Assets:US:BofA:Checking                            -4.00 USD
  Expenses:Financial:Fees                             4.00 USD

2022-09-04 * "RiverBank Properties" "Paying the rent"
  Assets:US:BofA:Checking                         -2400.00 USD
  Expenses:Home:Rent                               2400.00 USD

2022-09-08 * "EDISON POWER" ""
  Assets:US:BofA:Checking                           -65.00 USD
  Expenses:Home:Electricity                          65.00 USD

2022-09-09 * "Transfering accumulated savings to other account"
  Assets:US:BofA:Checking                            -3500 USD
  Assets:US:ETrade:Cash                               3500 USD

2022-09-19 * "Verizon Wireless" ""
  Assets:US:BofA:Checking                           -63.52 USD
  Expenses:Home:Phone                                63.52 USD

2022-09-22 * "Wine-Tarner Cable" ""
  Assets:US:BofA:Checking                           -80.03 USD
  Expenses:Home:Internet                             80.03 USD

2022-09-26 balance Assets:US:BofA:Checking         2970.94 USD

2022-10-03 * "RiverBank Properties" "Paying the rent"
  Assets:US:BofA:Checking                         -2400.00 USD
  Expenses:Home:Rent                               2400.00 USD

2022-10-04 * "BANK FEES" "Monthly bank fee"
  Assets:US:BofA:Checking                            -4.00 USD
  Expenses:Financial:Fees                             4.00 USD

2022-10-09 * "EDISON POWER" ""
  Assets:US:BofA:Checking                           -65.00 USD
  Expenses:Home:Electricity                          65.00 USD

2022-10-20 * "Verizon Wireless" ""
  Assets:US:BofA:Checking                           -68.20 USD
  Expenses:Home:Phone                                68.20 USD

2022-10-21 * "Wine-Tarner Cable" ""
  Assets:US:BofA:Checking                           -80.04 USD
  Expenses:Home:Internet                             80.04 USD

2022-10-21 * "Transfering accumulated savings to other account"
  Assets:US:BofA:Checking                            -4500 USD
  Assets:US:ETrade:Cash                               4500 USD

2022-10-23 balance Assets:US:BofA:Checking          377.14 USD

2022-11-04 * "BANK FEES" "Monthly bank fee"
  Assets:US:BofA:Checking                            -4.00 USD
  Expenses:Financial:Fees                             4.00 USD



* Credit-Cards

1980-05-12 open Liabilities:US:Chase:Slate                      USD

2020-01-06 * "Kin Soy" "Eating out alone"
  Liabilities:US:Chase:Slate                        -47.44 USD
  Expenses:Food:Restaurant                           47.44 USD

2020-01-07 * "Chase:Slate" "Paying off credit card"
  Liabilities:US:Chase:Slate                         97.75 USD
  Assets:US:BofA:Checking                           -97.75 USD

2020-01-10 * "Rose Flower" "Eating out after work"
  Liabilities:US:Chase:Slate                        -50.31 USD
  Expenses:Food:Restaurant                           50.31 USD

2020-01-12 * "China Garden" "Eating out alone"
  Liabilities:US:Chase:Slate                        -40.13 USD
  Expenses:Food:Restaurant                           40.13 USD

2020-01-15 * "Kin Soy" "Eating out with work buddies"
  Liabilities:US:Chase:Slate                        -34.61 USD
  Expenses:Food:Restaurant                           34.61 USD

2020-01-16 * "Rose Flower" "Eating out alone"
  Liabilities:US:Chase:Slate                        -26.64 USD
  Expenses:Food:Restaurant                           26.64 USD

2020-01-16 * "Onion Market" "Buying groceries"
  Liabilities:US:Chase:Slate                        -69.03 USD
  Expenses:Food:Groceries                            69.03 USD

2020-01-18 * "Kin Soy" "Eating out with Joe"
  Liabilities:US:Chase:Slate                        -22.89 USD
  Expenses:Food:Restaurant                           22.89 USD

2020-01-19 * "China Garden" "Eating out with Julie"
  Liabilities:US:Chase:Slate                        -51.67 USD
  Expenses:Food:Restaurant                           51.67 USD

2020-01-21 * "Jewel of Morroco" "Eating out "
  Liabilities:US:Chase:Slate                        -22.30 USD
  Expenses:Food:Restaurant                           22.30 USD

2020-01-22 balance Liabilities:US:Chase:Slate      -267.27 USD

2020-01-26 * "Rose Flower" "Eating out after work"
  Liabilities:US:Chase:Slate                        -32.73 USD
  Expenses:Food:Restaurant                           32.73 USD

2020-01-29 * "Onion Market" "Buying groceries"
  Liabilities:US:Chase:Slate                        -55.39 USD
  Expenses:Food:Groceries                            55.39 USD

2020-01-31 * "Cafe Modagor" "Eating out with work buddies"
  Liabilities:US:Chase:Slate                        -27.33 USD
  Expenses:Food:Restaurant                           27.33 USD

2020-02-01 * "Metro Transport Authority" "Tram tickets"
  Liabilities:US:Chase:Slate                       -120.00 USD
  Expenses:Transport:Tram                           120.00 USD

2020-02-05 * "Cafe Modagor" "Eating out with Julie"
  Liabilities:US:Chase:Slate                        -23.54 USD
  Expenses:Food:Restaurant                           23.54 USD

2020-02-08 * "Jewel of Morroco" "Eating out with Joe"
  Liabilities:US:Chase:Slate                        -83.77 USD
  Expenses:Food:Restaurant                           83.77 USD

2020-02-11 * "Chase:Slate" "Paying off credit card"
  Liabilities:US:Chase:Slate                        627.37 USD
  Assets:US:BofA:Checking                          -627.37 USD

2020-02-12 * "Uncle Boons" "Eating out with Julie"
  Liabilities:US:Chase:Slate                        -17.34 USD
  Expenses:Food:Restaurant                           17.34 USD

2020-02-12 * "Farmer Fresh" "Buying groceries"
  Liabilities:US:Chase:Slate                       -106.75 USD
  Expenses:Food:Groceries                           106.75 USD

2020-02-14 * "Chichipotle" "Eating out with Joe"
  Liabilities:US:Chase:Slate                        -30.66 USD
  Expenses:Food:Restaurant                           30.66 USD

2020-02-15 balance Liabilities:US:Chase:Slate      -137.41 USD

2020-02-18 * "Chichipotle" "Eating out alone"
  Liabilities:US:Chase:Slate                        -17.21 USD
  Expenses:Food:Restaurant                           17.21 USD

2020-02-18 * "Farmer Fresh" "Buying groceries"
  Liabilities:US:Chase:Slate                        -61.33 USD
  Expenses:Food:Groceries                            61.33 USD

2020-02-23 * "Kin Soy" "Eating out with Bill"
  Liabilities:US:Chase:Slate                        -15.49 USD
  Expenses:Food:Restaurant                           15.49 USD

2020-02-24 * "Rose Flower" "Eating out "
  Liabilities:US:Chase:Slate                        -20.03 USD
  Expenses:Food:Restaurant                           20.03 USD

2020-02-26 * "China Garden" "Eating out after work"
  Liabilities:US:Chase:Slate                        -21.48 USD
  Expenses:Food:Restaurant                           21.48 USD

2020-02-29 * "China Garden" "Eating out with work buddies"
  Liabilities:US:Chase:Slate                        -19.11 USD
  Expenses:Food:Restaurant                           19.11 USD

2020-02-29 * "Metro Transport Authority" "Tram tickets"
  Liabilities:US:Chase:Slate                       -120.00 USD
  Expenses:Transport:Tram                           120.00 USD

2020-03-01 * "Rose Flower" "Eating out "
  Liabilities:US:Chase:Slate                        -34.16 USD
  Expenses:Food:Restaurant                           34.16 USD

2020-03-04 * "China Garden" "Eating out after work"
  Liabilities:US:Chase:Slate                        -27.36 USD
  Expenses:Food:Restaurant                           27.36 USD

2020-03-05 * "Corner Deli" "Buying groceries"
  Liabilities:US:Chase:Slate                        -67.94 USD
  Expenses:Food:Groceries                            67.94 USD

2020-03-06 * "China Garden" "Eating out with Joe"
  Liabilities:US:Chase:Slate                        -30.59 USD
  Expenses:Food:Restaurant                           30.59 USD

2020-03-11 balance Liabilities:US:Chase:Slate      -572.11 USD

2020-03-11 * "Uncle Boons" "Eating out with Bill"
  Liabilities:US:Chase:Slate                        -25.61 USD
  Expenses:Food:Restaurant                           25.61 USD

2020-03-11 * "Chase:Slate" "Paying off credit card"
  Liabilities:US:Chase:Slate                        597.72 USD
  Assets:US:BofA:Checking                          -597.72 USD

2020-03-15 * "Uncle Boons" "Eating out with Bill"
  Liabilities:US:Chase:Slate                        -32.95 USD
  Expenses:Food:Restaurant                           32.95 USD

2020-03-18 * "Goba Goba" "Eating out with Natasha"
  Liabilities:US:Chase:Slate                        -44.10 USD
  Expenses:Food:Restaurant                           44.10 USD

2020-03-19 * "Uncle Boons" "Eating out with Natasha"
  Liabilities:US:Chase:Slate                        -48.66 USD
  Expenses:Food:Restaurant                           48.66 USD

2020-03-20 * "Farmer Fresh" "Buying groceries"
  Liabilities:US:Chase:Slate                        -74.37 USD
  Expenses:Food:Groceries                            74.37 USD

2020-03-24 * "Kin Soy" "Eating out with Natasha"
  Liabilities:US:Chase:Slate                        -33.07 USD
  Expenses:Food:Restaurant                           33.07 USD

2020-03-25 * "Kin Soy" "Eating out "
  Liabilities:US:Chase:Slate                        -52.63 USD
  Expenses:Food:Restaurant                           52.63 USD

2020-03-25 * "Farmer Fresh" "Buying groceries"
  Liabilities:US:Chase:Slate                        -58.08 USD
  Expenses:Food:Groceries                            58.08 USD

2020-03-27 * "Uncle Boons" "Eating out "
  Liabilities:US:Chase:Slate                        -34.80 USD
  Expenses:Food:Restaurant                           34.80 USD

2020-03-30 * "China Garden" "Eating out with work buddies"
  Liabilities:US:Chase:Slate                        -27.00 USD
  Expenses:Food:Restaurant                           27.00 USD

2020-03-30 * "Onion Market" "Buying groceries"
  Liabilities:US:Chase:Slate                        -84.03 USD
  Expenses:Food:Groceries                            84.03 USD

2020-03-30 * "Metro Transport Authority" "Tram tickets"
  Liabilities:US:Chase:Slate                       -120.00 USD
  Expenses:Transport:Tram                           120.00 USD

2020-04-02 * "Jewel of Morroco" "Eating out with Julie"
  Liabilities:US:Chase:Slate                        -37.53 USD
  Expenses:Food:Restaurant                           37.53 USD

2020-04-04 * "Kin Soy" "Eating out after work"
  Liabilities:US:Chase:Slate                        -43.06 USD
  Expenses:Food:Restaurant                           43.06 USD

2020-04-06 balance Liabilities:US:Chase:Slate      -690.28 USD

2020-04-07 * "Onion Market" "Buying groceries"
  Liabilities:US:Chase:Slate                        -60.36 USD
  Expenses:Food:Groceries                            60.36 USD

2020-04-08 * "Chichipotle" "Eating out alone"
  Liabilities:US:Chase:Slate                        -39.14 USD
  Expenses:Food:Restaurant                           39.14 USD

2020-04-11 * "Chase:Slate" "Paying off credit card"
  Liabilities:US:Chase:Slate                        821.71 USD
  Assets:US:BofA:Checking                          -821.71 USD

2020-04-13 * "Uncle Boons" "Eating out with Bill"
  Liabilities:US:Chase:Slate                        -31.93 USD
  Expenses:Food:Restaurant                           31.93 USD

2020-04-15 * "Farmer Fresh" "Buying groceries"
  Liabilities:US:Chase:Slate                        -65.70 USD
  Expenses:Food:Groceries                            65.70 USD

2020-04-18 * "Uncle Boons" "Eating out with Joe"
  Liabilities:US:Chase:Slate                        -30.56 USD
  Expenses:Food:Restaurant                           30.56 USD

2020-04-20 * "Goba Goba" "Eating out after work"
  Liabilities:US:Chase:Slate                        -28.88 USD
  Expenses:Food:Restaurant                           28.88 USD

2020-04-21 * "China Garden" "Eating out with work buddies"
  Liabilities:US:Chase:Slate                        -35.80 USD
  Expenses:Food:Restaurant                           35.80 USD

2020-04-24 * "Jewel of Morroco" "Eating out after work"
  Liabilities:US:Chase:Slate                        -33.32 USD
  Expenses:Food:Restaurant                           33.32 USD

2020-04-25 * "Uncle Boons" "Eating out with Natasha"
  Liabilities:US:Chase:Slate                        -41.59 USD
  Expenses:Food:Restaurant                           41.59 USD

2020-04-25 * "Corner Deli" "Buying groceries"
  Liabilities:US:Chase:Slate                        -77.36 USD
  Expenses:Food:Groceries                            77.36 USD

2020-04-26 * "Rose Flower" "Eating out with Natasha"
  Liabilities:US:Chase:Slate                        -39.51 USD
  Expenses:Food:Restaurant                           39.51 USD

2020-04-29 * "Cafe Modagor" "Eating out after work"
  Liabilities:US:Chase:Slate                        -87.05 USD
  Expenses:Food:Restaurant                           87.05 USD

2020-04-30 * "Rose Flower" "Eating out with work buddies"
  Liabilities:US:Chase:Slate                        -37.54 USD
  Expenses:Food:Restaurant                           37.54 USD

2020-04-30 * "Metro Transport Authority" "Tram tickets"
  Liabilities:US:Chase:Slate                       -120.00 USD
  Expenses:Transport:Tram                           120.00 USD

2020-05-03 * "Uncle Boons" "Eating out with Bill"
  Liabilities:US:Chase:Slate                        -32.80 USD
  Expenses:Food:Restaurant                           32.80 USD

2020-05-04 * "Chichipotle" "Eating out with Bill"
  Liabilities:US:Chase:Slate                        -76.43 USD
  Expenses:Food:Restaurant                           76.43 USD

2020-05-05 balance Liabilities:US:Chase:Slate      -706.54 USD

2020-05-05 * "Good Moods Market" "Buying groceries"
  Liabilities:US:Chase:Slate                        -85.99 USD
  Expenses:Food:Groceries                            85.99 USD

2020-05-07 * "Cafe Modagor" "Eating out with Joe"
  Liabilities:US:Chase:Slate                        -75.05 USD
  Expenses:Food:Restaurant                           75.05 USD

2020-05-09 * "Chase:Slate" "Paying off credit card"
  Liabilities:US:Chase:Slate                        895.24 USD
  Assets:US:BofA:Checking                          -895.24 USD

2020-05-11 * "Kin Soy" "Eating out with work buddies"
  Liabilities:US:Chase:Slate                        -27.66 USD
  Expenses:Food:Restaurant                           27.66 USD

2020-05-13 * "Chichipotle" "Eating out "
  Liabilities:US:Chase:Slate                        -38.79 USD
  Expenses:Food:Restaurant                           38.79 USD

2020-05-18 * "Kin Soy" "Eating out alone"
  Liabilities:US:Chase:Slate                        -16.91 USD
  Expenses:Food:Restaurant                           16.91 USD

2020-05-21 * "China Garden" "Eating out with work buddies"
  Liabilities:US:Chase:Slate                        -40.18 USD
  Expenses:Food:Restaurant                           40.18 USD

2020-05-25 balance Liabilities:US:Chase:Slate       -95.88 USD

2020-05-25 * "Good Moods Market" "Buying groceries"
  Liabilities:US:Chase:Slate                        -69.78 USD
  Expenses:Food:Groceries                            69.78 USD

2020-05-26 * "Jewel of Morroco" "Eating out with Julie"
  Liabilities:US:Chase:Slate                        -36.49 USD
  Expenses:Food:Restaurant                           36.49 USD

2020-05-28 * "Metro Transport Authority" "Tram tickets"
  Liabilities:US:Chase:Slate                       -120.00 USD
  Expenses:Transport:Tram                           120.00 USD

2020-05-29 * "Kin Soy" "Eating out alone"
  Liabilities:US:Chase:Slate                        -29.07 USD
  Expenses:Food:Restaurant                           29.07 USD

2020-05-31 * "Jewel of Morroco" "Eating out with work buddies"
  Liabilities:US:Chase:Slate                        -64.09 USD
  Expenses:Food:Restaurant                           64.09 USD

2020-06-02 * "Jewel of Morroco" "Eating out with work buddies"
  Liabilities:US:Chase:Slate                        -14.92 USD
  Expenses:Food:Restaurant                           14.92 USD

2020-06-03 * "Rose Flower" "Eating out with Natasha"
  Liabilities:US:Chase:Slate                        -35.39 USD
  Expenses:Food:Restaurant                           35.39 USD

2020-06-03 * "Corner Deli" "Buying groceries"
  Liabilities:US:Chase:Slate                        -71.68 USD
  Expenses:Food:Groceries                            71.68 USD

2020-06-04 * "Jewel of Morroco" "Eating out with Bill"
  Liabilities:US:Chase:Slate                        -51.32 USD
  Expenses:Food:Restaurant                           51.32 USD

2020-06-07 * "Chase:Slate" "Paying off credit card"
  Liabilities:US:Chase:Slate                        621.50 USD
  Assets:US:BofA:Checking                          -621.50 USD

2020-06-08 * "China Garden" "Eating out with Natasha"
  Liabilities:US:Chase:Slate                        -32.88 USD
  Expenses:Food:Restaurant                           32.88 USD

2020-06-12 * "Cafe Modagor" "Eating out with work buddies"
  Liabilities:US:Chase:Slate                        -35.61 USD
  Expenses:Food:Restaurant                           35.61 USD

2020-06-14 * "Uncle Boons" "Eating out with Bill"
  Liabilities:US:Chase:Slate                        -38.25 USD
  Expenses:Food:Restaurant                           38.25 USD

2020-06-15 * "Good Moods Market" "Buying groceries"
  Liabilities:US:Chase:Slate                       -119.13 USD
  Expenses:Food:Groceries                           119.13 USD

2020-06-18 * "Chichipotle" "Eating out after work"
  Liabilities:US:Chase:Slate                        -19.45 USD
  Expenses:Food:Restaurant                           19.45 USD

2020-06-20 * "Cafe Modagor" "Eating out after work"
  Liabilities:US:Chase:Slate                        -24.82 USD
  Expenses:Food:Restaurant                           24.82 USD

2020-06-23 balance Liabilities:US:Chase:Slate      -237.26 USD

2020-06-24 * "Kin Soy" "Eating out with work buddies"
  Liabilities:US:Chase:Slate                        -24.59 USD
  Expenses:Food:Restaurant                           24.59 USD

2020-06-25 * "Cafe Modagor" "Eating out alone"
  Liabilities:US:Chase:Slate                        -32.38 USD
  Expenses:Food:Restaurant                           32.38 USD

2020-06-26 * "Goba Goba" "Eating out "
  Liabilities:US:Chase:Slate                        -35.43 USD
  Expenses:Food:Restaurant                           35.43 USD

2020-06-27 * "Goba Goba" "Eating out alone"
  Liabilities:US:Chase:Slate                        -26.18 USD
  Expenses:Food:Restaurant                           26.18 USD

2020-06-27 * "Farmer Fresh" "Buying groceries"
  Liabilities:US:Chase:Slate                        -92.93 USD
  Expenses:Food:Groceries                            92.93 USD

2020-06-28 * "Jewel of Morroco" "Eating out with Bill"
  Liabilities:US:Chase:Slate                        -79.44 USD
  Expenses:Food:Restaurant                           79.44 USD

2020-06-29 * "Metro Transport Authority" "Tram tickets"
  Liabilities:US:Chase:Slate                       -120.00 USD
  Expenses:Transport:Tram                           120.00 USD

2020-06-30 * "Jewel of Morroco" "Eating out with Bill"
  Liabilities:US:Chase:Slate                        -27.84 USD
  Expenses:Food:Restaurant                           27.84 USD

2020-07-03 * "Goba Goba" "Eating out with Natasha"
  Liabilities:US:Chase:Slate                        -59.21 USD
  Expenses:Food:Restaurant                           59.21 USD

2020-07-05 * "Kin Soy" "Eating out after work"
  Liabilities:US:Chase:Slate                        -27.29 USD
  Expenses:Food:Restaurant                           27.29 USD

2020-07-09 * "Cafe Modagor" "Eating out with Joe"
  Liabilities:US:Chase:Slate                        -22.11 USD
  Expenses:Food:Restaurant                           22.11 USD

2020-07-10 * "Chase:Slate" "Paying off credit card"
  Liabilities:US:Chase:Slate                        815.88 USD
  Assets:US:BofA:Checking                          -815.88 USD

2020-07-14 * "Rose Flower" "Eating out alone"
  Liabilities:US:Chase:Slate                        -31.22 USD
  Expenses:Food:Restaurant                           31.22 USD

2020-07-15 * "Corner Deli" "Buying groceries"
  Liabilities:US:Chase:Slate                        -91.45 USD
  Expenses:Food:Groceries                            91.45 USD

2020-07-18 * "Jewel of Morroco" "Eating out with Bill"
  Liabilities:US:Chase:Slate                        -29.46 USD
  Expenses:Food:Restaurant                           29.46 USD

2020-07-20 balance Liabilities:US:Chase:Slate      -120.91 USD

2020-07-20 * "Jewel of Morroco" "Eating out with work buddies"
  Liabilities:US:Chase:Slate                        -26.99 USD
  Expenses:Food:Restaurant                           26.99 USD

2020-07-23 * "Cafe Modagor" "Eating out with Bill"
  Liabilities:US:Chase:Slate                        -50.95 USD
  Expenses:Food:Restaurant                           50.95 USD

2020-07-26 * "Jewel of Morroco" "Eating out with Bill"
  Liabilities:US:Chase:Slate                        -25.96 USD
  Expenses:Food:Restaurant                           25.96 USD

2020-07-26 * "Metro Transport Authority" "Tram tickets"
  Liabilities:US:Chase:Slate                       -120.00 USD
  Expenses:Transport:Tram                           120.00 USD

2020-07-31 * "Uncle Boons" "Eating out after work"
  Liabilities:US:Chase:Slate                        -40.75 USD
  Expenses:Food:Restaurant                           40.75 USD

2020-08-01 * "Cafe Modagor" "Eating out with Julie"
  Liabilities:US:Chase:Slate                        -39.33 USD
  Expenses:Food:Restaurant                           39.33 USD

2020-08-03 * "Corner Deli" "Buying groceries"
  Liabilities:US:Chase:Slate                        -63.64 USD
  Expenses:Food:Groceries                            63.64 USD

2020-08-06 * "Kin Soy" "Eating out alone"
  Liabilities:US:Chase:Slate                        -19.06 USD
  Expenses:Food:Restaurant                           19.06 USD

2020-08-08 * "Chase:Slate" "Paying off credit card"
  Liabilities:US:Chase:Slate                        531.74 USD
  Assets:US:BofA:Checking                          -531.74 USD

2020-08-09 * "Kin Soy" "Eating out with Julie"
  Liabilities:US:Chase:Slate                        -24.15 USD
  Expenses:Food:Restaurant                           24.15 USD

2020-08-14 * "Uncle Boons" "Eating out with Julie"
  Liabilities:US:Chase:Slate                        -17.25 USD
  Expenses:Food:Restaurant                           17.25 USD

2020-08-15 * "Goba Goba" "Eating out alone"
  Liabilities:US:Chase:Slate                        -34.70 USD
  Expenses:Food:Restaurant                           34.70 USD

2020-08-19 balance Liabilities:US:Chase:Slate       -51.95 USD

2020-08-19 * "Uncle Boons" "Eating out with Julie"
  Liabilities:US:Chase:Slate                        -33.89 USD
  Expenses:Food:Restaurant                           33.89 USD

2020-08-21 * "Rose Flower" "Eating out with Natasha"
  Liabilities:US:Chase:Slate                        -32.79 USD
  Expenses:Food:Restaurant                           32.79 USD

2020-08-21 * "Farmer Fresh" "Buying groceries"
  Liabilities:US:Chase:Slate                        -64.30 USD
  Expenses:Food:Groceries                            64.30 USD

2020-08-25 * "China Garden" "Eating out alone"
  Liabilities:US:Chase:Slate                        -70.48 USD
  Expenses:Food:Restaurant                           70.48 USD

2020-08-25 * "Metro Transport Authority" "Tram tickets"
  Liabilities:US:Chase:Slate                       -120.00 USD
  Expenses:Transport:Tram                           120.00 USD

2020-08-26 * "Chichipotle" "Eating out alone"
  Liabilities:US:Chase:Slate                        -90.29 USD
  Expenses:Food:Restaurant                           90.29 USD

2020-08-27 * "Cafe Modagor" "Eating out with work buddies"
  Liabilities:US:Chase:Slate                        -31.56 USD
  Expenses:Food:Restaurant                           31.56 USD

2020-08-29 event "location" "New York"

2020-08-30 * "Cafe Select" "" #trip-new-york-2020
  Liabilities:US:Chase:Slate                        -30.52 USD
  Expenses:Food:Restaurant                           30.52 USD

2020-08-30 * "Laut" "" #trip-new-york-2020
  Liabilities:US:Chase:Slate                        -31.34 USD
  Expenses:Food:Restaurant                           31.34 USD

2020-09-01 * "Cafe Select" "" #trip-new-york-2020
  Liabilities:US:Chase:Slate                        -30.92 USD
  Expenses:Food:Restaurant                           30.92 USD

2020-09-01 * "Takahachi" "" #trip-new-york-2020
  Liabilities:US:Chase:Slate                        -45.62 USD
  Expenses:Food:Restaurant                           45.62 USD

2020-09-01 * "Laut" "" #trip-new-york-2020
  Liabilities:US:Chase:Slate                        -33.20 USD
  Expenses:Food:Restaurant                           33.20 USD

2020-09-02 * "La Colombe" "" #trip-new-york-2020
  Liabilities:US:Chase:Slate                         -5.99 USD
  Expenses:Food:Coffee                                5.99 USD

2020-09-04 * "Gimme! Coffee" "" #trip-new-york-2020
  Liabilities:US:Chase:Slate                         -6.40 USD
  Expenses:Food:Coffee                                6.40 USD

2020-09-05 * "Cafe Select" "" #trip-new-york-2020
  Liabilities:US:Chase:Slate                        -30.63 USD
  Expenses:Food:Restaurant                           30.63 USD

2020-09-05 * "La Colombe" "" #trip-new-york-2020
  Liabilities:US:Chase:Slate                         -2.74 USD
  Expenses:Food:Coffee                                2.74 USD

2020-09-06 * "Takahachi" "" #trip-new-york-2020
  Liabilities:US:Chase:Slate                        -44.20 USD
  Expenses:Food:Restaurant                           44.20 USD

2020-09-06 * "Laut" "" #trip-new-york-2020
  Liabilities:US:Chase:Slate                        -37.10 USD
  Expenses:Food:Restaurant                           37.10 USD

2020-09-06 * "La Colombe" "" #trip-new-york-2020
  Liabilities:US:Chase:Slate                         -5.53 USD
  Expenses:Food:Coffee                                5.53 USD

2020-09-08 * "Laut" "" #trip-new-york-2020
  Liabilities:US:Chase:Slate                        -29.64 USD
  Expenses:Food:Restaurant                           29.64 USD

2020-09-09 * "Takahachi" "" #trip-new-york-2020
  Liabilities:US:Chase:Slate                        -56.49 USD
  Expenses:Food:Restaurant                           56.49 USD

2020-09-09 * "La Colombe" "" #trip-new-york-2020
  Liabilities:US:Chase:Slate                         -7.81 USD
  Expenses:Food:Coffee                                7.81 USD

2020-09-10 * "Uncle Boons" "" #trip-new-york-2020
  Liabilities:US:Chase:Slate                        -33.04 USD
  Expenses:Food:Restaurant                           33.04 USD

2020-09-10 * "Laut" "" #trip-new-york-2020
  Liabilities:US:Chase:Slate                        -32.60 USD
  Expenses:Food:Restaurant                           32.60 USD

2020-09-11 * "Cafe Select" "" #trip-new-york-2020
  Liabilities:US:Chase:Slate                        -26.87 USD
  Expenses:Food:Restaurant                           26.87 USD

2020-09-11 * "Laut" "" #trip-new-york-2020
  Liabilities:US:Chase:Slate                        -32.57 USD
  Expenses:Food:Restaurant                           32.57 USD

2020-09-11 * "Chase:Slate" "Paying off credit card"
  Liabilities:US:Chase:Slate                        516.44 USD
  Assets:US:BofA:Checking                          -516.44 USD

2020-09-12 balance Liabilities:US:Chase:Slate      -502.03 USD

2020-09-12 * "La Colombe" "" #trip-new-york-2020
  Liabilities:US:Chase:Slate                         -6.09 USD
  Expenses:Food:Coffee                                6.09 USD

2020-09-14 * "Laut" "" #trip-new-york-2020
  Liabilities:US:Chase:Slate                        -32.87 USD
  Expenses:Food:Restaurant                           32.87 USD

2020-09-15 * "Uncle Boons" "" #trip-new-york-2020
  Liabilities:US:Chase:Slate                        -40.07 USD
  Expenses:Food:Restaurant                           40.07 USD

2020-09-16 * "Uncle Boons" "Eating out with Natasha"
  Liabilities:US:Chase:Slate                        -21.18 USD
  Expenses:Food:Restaurant                           21.18 USD

2020-09-16 * "Uncle Boons" "" #trip-new-york-2020
  Liabilities:US:Chase:Slate                        -48.08 USD
  Expenses:Food:Restaurant                           48.08 USD

2020-09-16 * "Laut" "" #trip-new-york-2020
  Liabilities:US:Chase:Slate                        -34.08 USD
  Expenses:Food:Restaurant                           34.08 USD

2020-09-16 * "Consume vacation days"
  Assets:US:Hooli:Vacation                            -144 VACHR
  Expenses:Vacation                                    144 VACHR

2020-09-16 event "location" "New Metropolis"

2020-09-20 * "Goba Goba" "Eating out "
  Liabilities:US:Chase:Slate                        -20.39 USD
  Expenses:Food:Restaurant                           20.39 USD

2020-09-22 * "Farmer Fresh" "Buying groceries"
  Liabilities:US:Chase:Slate                        -79.06 USD
  Expenses:Food:Groceries                            79.06 USD

2020-09-23 * "Uncle Boons" "Eating out with Natasha"
  Liabilities:US:Chase:Slate                        -37.43 USD
  Expenses:Food:Restaurant                           37.43 USD

2020-09-25 * "Rose Flower" "Eating out with Joe"
  Liabilities:US:Chase:Slate                        -40.99 USD
  Expenses:Food:Restaurant                           40.99 USD

2020-09-26 * "Chichipotle" "Eating out with work buddies"
  Liabilities:US:Chase:Slate                        -24.57 USD
  Expenses:Food:Restaurant                           24.57 USD

2020-09-26 * "Metro Transport Authority" "Tram tickets"
  Liabilities:US:Chase:Slate                       -120.00 USD
  Expenses:Transport:Tram                           120.00 USD

2020-10-01 * "Jewel of Morroco" "Eating out with work buddies"
  Liabilities:US:Chase:Slate                        -24.39 USD
  Expenses:Food:Restaurant                           24.39 USD

2020-10-01 * "Good Moods Market" "Buying groceries"
  Liabilities:US:Chase:Slate                       -177.66 USD
  Expenses:Food:Groceries                           177.66 USD

2020-10-02 balance Liabilities:US:Chase:Slate     -1208.89 USD

2020-10-04 * "Goba Goba" "Eating out alone"
  Liabilities:US:Chase:Slate                        -41.30 USD
  Expenses:Food:Restaurant                           41.30 USD

2020-10-07 * "Jewel of Morroco" "Eating out with work buddies"
  Liabilities:US:Chase:Slate                        -29.13 USD
  Expenses:Food:Restaurant                           29.13 USD

2020-10-08 * "Good Moods Market" "Buying groceries"
  Liabilities:US:Chase:Slate                        -74.28 USD
  Expenses:Food:Groceries                            74.28 USD

2020-10-08 * "Chase:Slate" "Paying off credit card"
  Liabilities:US:Chase:Slate                        669.20 USD
  Assets:US:BofA:Checking                          -669.20 USD

2020-10-12 * "Uncle Boons" "Eating out with work buddies"
  Liabilities:US:Chase:Slate                        -28.37 USD
  Expenses:Food:Restaurant                           28.37 USD

2020-10-13 * "Uncle Boons" "Eating out "
  Liabilities:US:Chase:Slate                        -48.28 USD
  Expenses:Food:Restaurant                           48.28 USD

2020-10-16 * "Good Moods Market" "Buying groceries"
  Liabilities:US:Chase:Slate                        -83.32 USD
  Expenses:Food:Groceries                            83.32 USD

2020-10-17 * "Jewel of Morroco" "Eating out with Natasha"
  Liabilities:US:Chase:Slate                        -32.25 USD
  Expenses:Food:Restaurant                           32.25 USD

2020-10-20 * "Chichipotle" "Eating out "
  Liabilities:US:Chase:Slate                        -27.25 USD
  Expenses:Food:Restaurant                           27.25 USD

2020-10-21 * "Kin Soy" "Eating out with Julie"
  Liabilities:US:Chase:Slate                        -58.79 USD
  Expenses:Food:Restaurant                           58.79 USD

2020-10-23 * "Metro Transport Authority" "Tram tickets"
  Liabilities:US:Chase:Slate                       -120.00 USD
  Expenses:Transport:Tram                           120.00 USD

2020-10-25 * "China Garden" "Eating out with work buddies"
  Liabilities:US:Chase:Slate                        -27.50 USD
  Expenses:Food:Restaurant                           27.50 USD

2020-10-28 * "Uncle Boons" "Eating out with Bill"
  Liabilities:US:Chase:Slate                        -50.99 USD
  Expenses:Food:Restaurant                           50.99 USD

2020-10-29 * "Farmer Fresh" "Buying groceries"
  Liabilities:US:Chase:Slate                       -117.59 USD
  Expenses:Food:Groceries                           117.59 USD

2020-10-31 balance Liabilities:US:Chase:Slate     -1278.74 USD

2020-11-01 * "Rose Flower" "Eating out with work buddies"
  Liabilities:US:Chase:Slate                        -32.50 USD
  Expenses:Food:Restaurant                           32.50 USD

2020-11-03 * "Uncle Boons" "Eating out alone"
  Liabilities:US:Chase:Slate                        -38.66 USD
  Expenses:Food:Restaurant                           38.66 USD

2020-11-07 * "China Garden" "Eating out alone"
  Liabilities:US:Chase:Slate                        -46.27 USD
  Expenses:Food:Restaurant                           46.27 USD

2020-11-08 * "Jewel of Morroco" "Eating out "
  Liabilities:US:Chase:Slate                        -13.76 USD
  Expenses:Food:Restaurant                           13.76 USD

2020-11-08 * "Chase:Slate" "Paying off credit card"
  Liabilities:US:Chase:Slate                        725.53 USD
  Assets:US:BofA:Checking                          -725.53 USD

2020-11-09 * "Cafe Modagor" "Eating out with Bill"
  Liabilities:US:Chase:Slate                        -25.13 USD
  Expenses:Food:Restaurant                           25.13 USD

2020-11-09 * "Farmer Fresh" "Buying groceries"
  Liabilities:US:Chase:Slate                        -86.52 USD
  Expenses:Food:Groceries                            86.52 USD

2020-11-12 * "Cafe Modagor" "Eating out with Natasha"
  Liabilities:US:Chase:Slate                        -17.66 USD
  Expenses:Food:Restaurant                           17.66 USD

2020-11-17 * "China Garden" "Eating out after work"
  Liabilities:US:Chase:Slate                        -14.88 USD
  Expenses:Food:Restaurant                           14.88 USD

2020-11-18 * "Cafe Modagor" "Eating out with work buddies"
  Liabilities:US:Chase:Slate                        -31.25 USD
  Expenses:Food:Restaurant                           31.25 USD

2020-11-19 * "Metro Transport Authority" "Tram tickets"
  Liabilities:US:Chase:Slate                       -120.00 USD
  Expenses:Transport:Tram                           120.00 USD

2020-11-20 * "Uncle Boons" "Eating out with Natasha"
  Liabilities:US:Chase:Slate                        -45.14 USD
  Expenses:Food:Restaurant                           45.14 USD

2020-11-21 * "Cafe Modagor" "Eating out after work"
  Liabilities:US:Chase:Slate                        -24.50 USD
  Expenses:Food:Restaurant                           24.50 USD

2020-11-24 balance Liabilities:US:Chase:Slate     -1049.48 USD

2020-11-25 * "Jewel of Morroco" "Eating out with Bill"
  Liabilities:US:Chase:Slate                        -33.80 USD
  Expenses:Food:Restaurant                           33.80 USD

2020-11-25 * "Corner Deli" "Buying groceries"
  Liabilities:US:Chase:Slate                        -92.32 USD
  Expenses:Food:Groceries                            92.32 USD

2020-11-28 * "Goba Goba" "Eating out with Bill"
  Liabilities:US:Chase:Slate                        -21.41 USD
  Expenses:Food:Restaurant                           21.41 USD

2020-12-03 * "Uncle Boons" "Eating out with Natasha"
  Liabilities:US:Chase:Slate                        -28.48 USD
  Expenses:Food:Restaurant                           28.48 USD

2020-12-04 * "Onion Market" "Buying groceries"
  Liabilities:US:Chase:Slate                       -112.39 USD
  Expenses:Food:Groceries                           112.39 USD

2020-12-07 * "Kin Soy" "Eating out with Julie"
  Liabilities:US:Chase:Slate                        -41.71 USD
  Expenses:Food:Restaurant                           41.71 USD

2020-12-10 * "Kin Soy" "Eating out with Natasha"
  Liabilities:US:Chase:Slate                        -34.99 USD
  Expenses:Food:Restaurant                           34.99 USD

2020-12-10 * "Chase:Slate" "Paying off credit card"
  Liabilities:US:Chase:Slate                        730.18 USD
  Assets:US:BofA:Checking                          -730.18 USD

2020-12-15 * "China Garden" "Eating out with Joe"
  Liabilities:US:Chase:Slate                        -20.04 USD
  Expenses:Food:Restaurant                           20.04 USD

2020-12-16 * "China Garden" "Eating out with Joe"
  Liabilities:US:Chase:Slate                        -25.16 USD
  Expenses:Food:Restaurant                           25.16 USD

2020-12-17 * "Metro Transport Authority" "Tram tickets"
  Liabilities:US:Chase:Slate                       -120.00 USD
  Expenses:Transport:Tram                           120.00 USD

2020-12-19 * "Uncle Boons" "Eating out after work"
  Liabilities:US:Chase:Slate                        -50.70 USD
  Expenses:Food:Restaurant                           50.70 USD

2020-12-21 * "Onion Market" "Buying groceries"
  Liabilities:US:Chase:Slate                       -125.31 USD
  Expenses:Food:Groceries                           125.31 USD

2020-12-23 balance Liabilities:US:Chase:Slate     -1025.61 USD

2020-12-23 * "Kin Soy" "Eating out alone"
  Liabilities:US:Chase:Slate                        -30.90 USD
  Expenses:Food:Restaurant                           30.90 USD

2020-12-26 * "Chichipotle" "Eating out alone"
  Liabilities:US:Chase:Slate                        -16.05 USD
  Expenses:Food:Restaurant                           16.05 USD

2020-12-27 * "Uncle Boons" "Eating out with Julie"
  Liabilities:US:Chase:Slate                        -70.92 USD
  Expenses:Food:Restaurant                           70.92 USD

2020-12-28 * "Onion Market" "Buying groceries"
  Liabilities:US:Chase:Slate                        -91.66 USD
  Expenses:Food:Groceries                            91.66 USD

2021-01-01 * "China Garden" "Eating out with Joe"
  Liabilities:US:Chase:Slate                        -18.95 USD
  Expenses:Food:Restaurant                           18.95 USD

2021-01-06 * "Jewel of Morroco" "Eating out with Joe"
  Liabilities:US:Chase:Slate                        -38.07 USD
  Expenses:Food:Restaurant                           38.07 USD

2021-01-07 * "Chase:Slate" "Paying off credit card"
  Liabilities:US:Chase:Slate                        641.36 USD
  Assets:US:BofA:Checking                          -641.36 USD

2021-01-11 * "Jewel of Morroco" "Eating out with Bill"
  Liabilities:US:Chase:Slate                        -33.60 USD
  Expenses:Food:Restaurant                           33.60 USD

2021-01-12 * "Uncle Boons" "Eating out with work buddies"
  Liabilities:US:Chase:Slate                        -33.90 USD
  Expenses:Food:Restaurant                           33.90 USD

2021-01-14 * "Cafe Modagor" "Eating out "
  Liabilities:US:Chase:Slate                        -31.37 USD
  Expenses:Food:Restaurant                           31.37 USD

2021-01-14 * "Good Moods Market" "Buying groceries"
  Liabilities:US:Chase:Slate                        -62.57 USD
  Expenses:Food:Groceries                            62.57 USD

2021-01-15 * "Goba Goba" "Eating out with Julie"
  Liabilities:US:Chase:Slate                        -33.58 USD
  Expenses:Food:Restaurant                           33.58 USD

2021-01-15 * "Metro Transport Authority" "Tram tickets"
  Liabilities:US:Chase:Slate                       -120.00 USD
  Expenses:Transport:Tram                           120.00 USD

2021-01-16 balance Liabilities:US:Chase:Slate      -965.82 USD

2021-01-17 * "Rose Flower" "Eating out with work buddies"
  Liabilities:US:Chase:Slate                        -47.19 USD
  Expenses:Food:Restaurant                           47.19 USD

2021-01-19 * "China Garden" "Eating out with Natasha"
  Liabilities:US:Chase:Slate                        -36.45 USD
  Expenses:Food:Restaurant                           36.45 USD

2021-01-22 * "Rose Flower" "Eating out after work"
  Liabilities:US:Chase:Slate                        -23.46 USD
  Expenses:Food:Restaurant                           23.46 USD

2021-01-24 * "Jewel of Morroco" "Eating out after work"
  Liabilities:US:Chase:Slate                        -59.44 USD
  Expenses:Food:Restaurant                           59.44 USD

2021-01-25 * "Uncle Boons" "Eating out with Bill"
  Liabilities:US:Chase:Slate                        -31.52 USD
  Expenses:Food:Restaurant                           31.52 USD

2021-01-26 * "Onion Market" "Buying groceries"
  Liabilities:US:Chase:Slate                        -81.68 USD
  Expenses:Food:Groceries                            81.68 USD

2021-01-30 * "Uncle Boons" "Eating out "
  Liabilities:US:Chase:Slate                        -22.19 USD
  Expenses:Food:Restaurant                           22.19 USD

2021-02-02 * "Goba Goba" "Eating out with Joe"
  Liabilities:US:Chase:Slate                        -67.41 USD
  Expenses:Food:Restaurant                           67.41 USD

2021-02-02 * "Corner Deli" "Buying groceries"
  Liabilities:US:Chase:Slate                        -51.40 USD
  Expenses:Food:Groceries                            51.40 USD

2021-02-07 * "Uncle Boons" "Eating out alone"
  Liabilities:US:Chase:Slate                        -24.20 USD
  Expenses:Food:Restaurant                           24.20 USD

2021-02-09 balance Liabilities:US:Chase:Slate     -1410.76 USD

2021-02-09 * "Chase:Slate" "Paying off credit card"
  Liabilities:US:Chase:Slate                        753.39 USD
  Assets:US:BofA:Checking                          -753.39 USD

2021-02-12 * "Kin Soy" "Eating out "
  Liabilities:US:Chase:Slate                        -27.03 USD
  Expenses:Food:Restaurant                           27.03 USD

2021-02-12 * "Farmer Fresh" "Buying groceries"
  Liabilities:US:Chase:Slate                        -73.48 USD
  Expenses:Food:Groceries                            73.48 USD

2021-02-15 * "Metro Transport Authority" "Tram tickets"
  Liabilities:US:Chase:Slate                       -120.00 USD
  Expenses:Transport:Tram                           120.00 USD

2021-02-17 * "Kin Soy" "Eating out with Joe"
  Liabilities:US:Chase:Slate                        -59.50 USD
  Expenses:Food:Restaurant                           59.50 USD

2021-02-18 * "Goba Goba" "Eating out alone"
  Liabilities:US:Chase:Slate                        -22.66 USD
  Expenses:Food:Restaurant                           22.66 USD

2021-02-22 * "Chichipotle" "Eating out with Joe"
  Liabilities:US:Chase:Slate                        -23.78 USD
  Expenses:Food:Restaurant                           23.78 USD

2021-02-24 * "Onion Market" "Buying groceries"
  Liabilities:US:Chase:Slate                        -88.77 USD
  Expenses:Food:Groceries                            88.77 USD

2021-02-25 * "Uncle Boons" "Eating out with work buddies"
  Liabilities:US:Chase:Slate                        -48.26 USD
  Expenses:Food:Restaurant                           48.26 USD

2021-03-01 * "Chichipotle" "Eating out with Bill"
  Liabilities:US:Chase:Slate                        -33.91 USD
  Expenses:Food:Restaurant                           33.91 USD

2021-03-02 * "China Garden" "Eating out after work"
  Liabilities:US:Chase:Slate                        -40.40 USD
  Expenses:Food:Restaurant                           40.40 USD

2021-03-04 balance Liabilities:US:Chase:Slate     -1195.16 USD

2021-03-04 * "Corner Deli" "Buying groceries"
  Liabilities:US:Chase:Slate                        -66.97 USD
  Expenses:Food:Groceries                            66.97 USD

2021-03-05 * "Kin Soy" "Eating out with Joe"
  Liabilities:US:Chase:Slate                        -57.96 USD
  Expenses:Food:Restaurant                           57.96 USD

2021-03-10 * "Chichipotle" "Eating out with Julie"
  Liabilities:US:Chase:Slate                        -28.43 USD
  Expenses:Food:Restaurant                           28.43 USD

2021-03-11 * "Chase:Slate" "Paying off credit card"
  Liabilities:US:Chase:Slate                        682.31 USD
  Assets:US:BofA:Checking                          -682.31 USD

2021-03-13 * "Uncle Boons" "Eating out "
  Liabilities:US:Chase:Slate                        -18.19 USD
  Expenses:Food:Restaurant                           18.19 USD

2021-03-16 * "Uncle Boons" "Eating out with Natasha"
  Liabilities:US:Chase:Slate                        -25.91 USD
  Expenses:Food:Restaurant                           25.91 USD

2021-03-19 * "Metro Transport Authority" "Tram tickets"
  Liabilities:US:Chase:Slate                       -120.00 USD
  Expenses:Transport:Tram                           120.00 USD

2021-03-20 * "Chichipotle" "Eating out "
  Liabilities:US:Chase:Slate                        -27.33 USD
  Expenses:Food:Restaurant                           27.33 USD

2021-03-20 * "Corner Deli" "Buying groceries"
  Liabilities:US:Chase:Slate                       -100.85 USD
  Expenses:Food:Groceries                           100.85 USD

2021-03-24 * "Rose Flower" "Eating out with work buddies"
  Liabilities:US:Chase:Slate                        -53.52 USD
  Expenses:Food:Restaurant                           53.52 USD

2021-03-25 * "China Garden" "Eating out "
  Liabilities:US:Chase:Slate                        -56.70 USD
  Expenses:Food:Restaurant                           56.70 USD

2021-03-27 * "Goba Goba" "Eating out with Joe"
  Liabilities:US:Chase:Slate                        -36.69 USD
  Expenses:Food:Restaurant                           36.69 USD

2021-03-31 * "Jewel of Morroco" "Eating out with Natasha"
  Liabilities:US:Chase:Slate                        -22.40 USD
  Expenses:Food:Restaurant                           22.40 USD

2021-04-02 balance Liabilities:US:Chase:Slate     -1127.80 USD

2021-04-04 * "Rose Flower" "Eating out with Bill"
  Liabilities:US:Chase:Slate                        -24.51 USD
  Expenses:Food:Restaurant                           24.51 USD

2021-04-04 * "Farmer Fresh" "Buying groceries"
  Liabilities:US:Chase:Slate                        -93.90 USD
  Expenses:Food:Groceries                            93.90 USD

2021-04-07 * "Chichipotle" "Eating out with Julie"
  Liabilities:US:Chase:Slate                        -33.87 USD
  Expenses:Food:Restaurant                           33.87 USD

2021-04-09 * "Cafe Modagor" "Eating out with Julie"
  Liabilities:US:Chase:Slate                        -21.54 USD
  Expenses:Food:Restaurant                           21.54 USD

2021-04-10 * "Farmer Fresh" "Buying groceries"
  Liabilities:US:Chase:Slate                        -95.15 USD
  Expenses:Food:Groceries                            95.15 USD

2021-04-11 * "Chase:Slate" "Paying off credit card"
  Liabilities:US:Chase:Slate                        751.75 USD
  Assets:US:BofA:Checking                          -751.75 USD

2021-04-12 * "Kin Soy" "Eating out "
  Liabilities:US:Chase:Slate                        -39.38 USD
  Expenses:Food:Restaurant                           39.38 USD

2021-04-14 * "Uncle Boons" "Eating out with Julie"
  Liabilities:US:Chase:Slate                        -26.89 USD
  Expenses:Food:Restaurant                           26.89 USD

2021-04-16 * "Metro Transport Authority" "Tram tickets"
  Liabilities:US:Chase:Slate                       -120.00 USD
  Expenses:Transport:Tram                           120.00 USD

2021-04-17 * "Kin Soy" "Eating out "
  Liabilities:US:Chase:Slate                        -27.42 USD
  Expenses:Food:Restaurant                           27.42 USD

2021-04-21 * "Goba Goba" "Eating out with Joe"
  Liabilities:US:Chase:Slate                        -24.26 USD
  Expenses:Food:Restaurant                           24.26 USD

2021-04-22 * "Kin Soy" "Eating out after work"
  Liabilities:US:Chase:Slate                        -29.08 USD
  Expenses:Food:Restaurant                           29.08 USD

2021-04-26 balance Liabilities:US:Chase:Slate      -912.05 USD

2021-04-26 * "Kin Soy" "Eating out with Julie"
  Liabilities:US:Chase:Slate                        -28.68 USD
  Expenses:Food:Restaurant                           28.68 USD

2021-04-26 * "Corner Deli" "Buying groceries"
  Liabilities:US:Chase:Slate                        -87.03 USD
  Expenses:Food:Groceries                            87.03 USD

2021-05-01 * "Jewel of Morroco" "Eating out with work buddies"
  Liabilities:US:Chase:Slate                        -22.04 USD
  Expenses:Food:Restaurant                           22.04 USD

2021-05-03 * "Jewel of Morroco" "Eating out after work"
  Liabilities:US:Chase:Slate                        -35.50 USD
  Expenses:Food:Restaurant                           35.50 USD

2021-05-05 * "Cafe Modagor" "Eating out with Joe"
  Liabilities:US:Chase:Slate                        -29.01 USD
  Expenses:Food:Restaurant                           29.01 USD

2021-05-08 * "Chase:Slate" "Paying off credit card"
  Liabilities:US:Chase:Slate                        466.66 USD
  Assets:US:BofA:Checking                          -466.66 USD

2021-05-09 * "Kin Soy" "Eating out with Natasha"
  Liabilities:US:Chase:Slate                        -36.75 USD
  Expenses:Food:Restaurant                           36.75 USD

2021-05-10 * "Good Moods Market" "Buying groceries"
  Liabilities:US:Chase:Slate                        -61.20 USD
  Expenses:Food:Groceries                            61.20 USD

2021-05-11 * "Goba Goba" "Eating out with work buddies"
  Liabilities:US:Chase:Slate                        -33.85 USD
  Expenses:Food:Restaurant                           33.85 USD

2021-05-14 * "Chichipotle" "Eating out with Bill"
  Liabilities:US:Chase:Slate                        -12.37 USD
  Expenses:Food:Restaurant                           12.37 USD

2021-05-18 * "Goba Goba" "Eating out after work"
  Liabilities:US:Chase:Slate                        -35.95 USD
  Expenses:Food:Restaurant                           35.95 USD

2021-05-18 * "Metro Transport Authority" "Tram tickets"
  Liabilities:US:Chase:Slate                       -120.00 USD
  Expenses:Transport:Tram                           120.00 USD

2021-05-19 balance Liabilities:US:Chase:Slate      -947.77 USD

2021-05-20 * "Rose Flower" "Eating out alone"
  Liabilities:US:Chase:Slate                        -11.64 USD
  Expenses:Food:Restaurant                           11.64 USD

2021-05-21 * "Rose Flower" "Eating out with Julie"
  Liabilities:US:Chase:Slate                        -20.86 USD
  Expenses:Food:Restaurant                           20.86 USD

2021-05-24 * "Farmer Fresh" "Buying groceries"
  Liabilities:US:Chase:Slate                        -63.21 USD
  Expenses:Food:Groceries                            63.21 USD

2021-05-26 * "Chichipotle" "Eating out with Bill"
  Liabilities:US:Chase:Slate                        -22.34 USD
  Expenses:Food:Restaurant                           22.34 USD

2021-05-30 * "Kin Soy" "Eating out with Julie"
  Liabilities:US:Chase:Slate                        -34.12 USD
  Expenses:Food:Restaurant                           34.12 USD

2021-05-31 * "China Garden" "Eating out alone"
  Liabilities:US:Chase:Slate                        -38.71 USD
  Expenses:Food:Restaurant                           38.71 USD

2021-05-31 * "Onion Market" "Buying groceries"
  Liabilities:US:Chase:Slate                        -86.92 USD
  Expenses:Food:Groceries                            86.92 USD

2021-06-01 * "Goba Goba" "Eating out with Joe"
  Liabilities:US:Chase:Slate                        -37.93 USD
  Expenses:Food:Restaurant                           37.93 USD

2021-06-05 * "Rose Flower" "Eating out with Natasha"
  Liabilities:US:Chase:Slate                        -44.46 USD
  Expenses:Food:Restaurant                           44.46 USD

2021-06-07 * "Jewel of Morroco" "Eating out with work buddies"
  Liabilities:US:Chase:Slate                        -14.29 USD
  Expenses:Food:Restaurant                           14.29 USD

2021-06-08 * "Uncle Boons" "Eating out with work buddies"
  Liabilities:US:Chase:Slate                        -93.66 USD
  Expenses:Food:Restaurant                           93.66 USD

2021-06-09 balance Liabilities:US:Chase:Slate     -1415.91 USD

2021-06-10 * "Chase:Slate" "Paying off credit card"
  Liabilities:US:Chase:Slate                        764.01 USD
  Assets:US:BofA:Checking                          -764.01 USD

2021-06-13 * "China Garden" "Eating out with work buddies"
  Liabilities:US:Chase:Slate                        -32.50 USD
  Expenses:Food:Restaurant                           32.50 USD

2021-06-16 * "Cafe Modagor" "Eating out with Bill"
  Liabilities:US:Chase:Slate                        -26.08 USD
  Expenses:Food:Restaurant                           26.08 USD

2021-06-16 * "Onion Market" "Buying groceries"
  Liabilities:US:Chase:Slate                        -62.99 USD
  Expenses:Food:Groceries                            62.99 USD

2021-06-16 * "Metro Transport Authority" "Tram tickets"
  Liabilities:US:Chase:Slate                       -120.00 USD
  Expenses:Transport:Tram                           120.00 USD

2021-06-19 * "Cafe Modagor" "Eating out "
  Liabilities:US:Chase:Slate                        -58.20 USD
  Expenses:Food:Restaurant                           58.20 USD

2021-06-21 * "Jewel of Morroco" "Eating out with Joe"
  Liabilities:US:Chase:Slate                        -28.89 USD
  Expenses:Food:Restaurant                           28.89 USD

2021-06-22 * "Farmer Fresh" "Buying groceries"
  Liabilities:US:Chase:Slate                        -76.35 USD
  Expenses:Food:Groceries                            76.35 USD

2021-06-26 * "Rose Flower" "Eating out with Bill"
  Liabilities:US:Chase:Slate                        -23.84 USD
  Expenses:Food:Restaurant                           23.84 USD

2021-06-29 event "location" "San Francisco"

2021-06-30 * "Pizza Delfina" "" #trip-san-francisco-2021
  Liabilities:US:Chase:Slate                        -17.01 USD
  Expenses:Food:Restaurant                           17.01 USD

2021-06-30 * "Waterbar" "" #trip-san-francisco-2021
  Liabilities:US:Chase:Slate                        -58.18 USD
  Expenses:Food:Restaurant                           58.18 USD

2021-06-30 * "Starbucks" "" #trip-san-francisco-2021
  Liabilities:US:Chase:Slate                         -5.56 USD
  Expenses:Food:Coffee                                5.56 USD

2021-07-01 * "Bar Crudo" "" #trip-san-francisco-2021
  Liabilities:US:Chase:Slate                        -63.24 USD
  Expenses:Food:Restaurant                           63.24 USD

2021-07-01 * "Mission Chinese Food" "" #trip-san-francisco-2021
  Liabilities:US:Chase:Slate                        -30.10 USD
  Expenses:Food:Restaurant                           30.10 USD

2021-07-02 balance Liabilities:US:Chase:Slate     -1254.84 USD

2021-07-05 * "Mission Chinese Food" "" #trip-san-francisco-2021
  Liabilities:US:Chase:Slate                        -22.07 USD
  Expenses:Food:Restaurant                           22.07 USD

2021-07-06 * "Bar Crudo" "" #trip-san-francisco-2021
  Liabilities:US:Chase:Slate                        -64.17 USD
  Expenses:Food:Restaurant                           64.17 USD

2021-07-06 * "Waterbar" "" #trip-san-francisco-2021
  Liabilities:US:Chase:Slate                        -52.68 USD
  Expenses:Food:Restaurant                           52.68 USD

2021-07-06 * "Starbucks" "" #trip-san-francisco-2021
  Liabilities:US:Chase:Slate                         -4.37 USD
  Expenses:Food:Coffee                                4.37 USD

2021-07-07 * "Chase:Slate" "Paying off credit card"
  Liabilities:US:Chase:Slate                        426.04 USD
  Assets:US:BofA:Checking                          -426.04 USD

2021-07-08 * "Pizza Delfina" "" #trip-san-francisco-2021
  Liabilities:US:Chase:Slate                        -21.81 USD
  Expenses:Food:Restaurant                           21.81 USD

2021-07-08 * "Mission Chinese Food" "" #trip-san-francisco-2021
  Liabilities:US:Chase:Slate                        -29.47 USD
  Expenses:Food:Restaurant                           29.47 USD

2021-07-09 * "Bar Crudo" "" #trip-san-francisco-2021
  Liabilities:US:Chase:Slate                        -69.16 USD
  Expenses:Food:Restaurant                           69.16 USD

2021-07-11 * "Pizza Delfina" "" #trip-san-francisco-2021
  Liabilities:US:Chase:Slate                        -19.58 USD
  Expenses:Food:Restaurant                           19.58 USD

2021-07-11 * "Mission Chinese Food" "" #trip-san-francisco-2021
  Liabilities:US:Chase:Slate                        -30.40 USD
  Expenses:Food:Restaurant                           30.40 USD

2021-07-11 * "Starbucks" "" #trip-san-francisco-2021
  Liabilities:US:Chase:Slate                         -6.27 USD
  Expenses:Food:Coffee                                6.27 USD

2021-07-12 * "Mission Chinese Food" "" #trip-san-francisco-2021
  Liabilities:US:Chase:Slate                        -25.43 USD
  Expenses:Food:Restaurant                           25.43 USD

2021-07-13 * "Consume vacation days"
  Assets:US:Hooli:Vacation                            -112 VACHR
  Expenses:Vacation                                    112 VACHR

2021-07-13 event "location" "New Metropolis"

2021-07-14 * "China Garden" "Eating out with work buddies"
  Liabilities:US:Chase:Slate                        -29.69 USD
  Expenses:Food:Restaurant                           29.69 USD

2021-07-15 * "Chichipotle" "Eating out with work buddies"
  Liabilities:US:Chase:Slate                        -17.14 USD
  Expenses:Food:Restaurant                           17.14 USD

2021-07-16 * "Cafe Modagor" "Eating out with Bill"
  Liabilities:US:Chase:Slate                        -22.96 USD
  Expenses:Food:Restaurant                           22.96 USD

2021-07-16 * "Metro Transport Authority" "Tram tickets"
  Liabilities:US:Chase:Slate                       -120.00 USD
  Expenses:Transport:Tram                           120.00 USD

2021-07-21 * "China Garden" "Eating out with Joe"
  Liabilities:US:Chase:Slate                        -48.75 USD
  Expenses:Food:Restaurant                           48.75 USD

2021-07-22 balance Liabilities:US:Chase:Slate     -1412.75 USD

2021-07-24 * "Jewel of Morroco" "Eating out with Julie"
  Liabilities:US:Chase:Slate                        -27.76 USD
  Expenses:Food:Restaurant                           27.76 USD

2021-07-26 * "Corner Deli" "Buying groceries"
  Liabilities:US:Chase:Slate                       -116.40 USD
  Expenses:Food:Groceries                           116.40 USD

2021-07-29 * "Rose Flower" "Eating out alone"
  Liabilities:US:Chase:Slate                        -32.24 USD
  Expenses:Food:Restaurant                           32.24 USD

2021-08-01 * "Uncle Boons" "Eating out with Joe"
  Liabilities:US:Chase:Slate                        -27.21 USD
  Expenses:Food:Restaurant                           27.21 USD

2021-08-02 * "Onion Market" "Buying groceries"
  Liabilities:US:Chase:Slate                        -68.87 USD
  Expenses:Food:Groceries                            68.87 USD

2021-08-03 * "Uncle Boons" "Eating out alone"
  Liabilities:US:Chase:Slate                        -13.86 USD
  Expenses:Food:Restaurant                           13.86 USD

2021-08-08 * "Rose Flower" "Eating out with Joe"
  Liabilities:US:Chase:Slate                        -33.31 USD
  Expenses:Food:Restaurant                           33.31 USD

2021-08-09 * "Chase:Slate" "Paying off credit card"
  Liabilities:US:Chase:Slate                        555.33 USD
  Assets:US:BofA:Checking                          -555.33 USD

2021-08-12 * "Rose Flower" "Eating out with Natasha"
  Liabilities:US:Chase:Slate                        -26.83 USD
  Expenses:Food:Restaurant                           26.83 USD

2021-08-13 * "Cafe Modagor" "Eating out with Julie"
  Liabilities:US:Chase:Slate                        -39.30 USD
  Expenses:Food:Restaurant                           39.30 USD

2021-08-15 * "Goba Goba" "Eating out alone"
  Liabilities:US:Chase:Slate                        -35.13 USD
  Expenses:Food:Restaurant                           35.13 USD

2021-08-17 balance Liabilities:US:Chase:Slate     -1278.33 USD

2021-08-17 * "Metro Transport Authority" "Tram tickets"
  Liabilities:US:Chase:Slate                       -120.00 USD
  Expenses:Transport:Tram                           120.00 USD

2021-08-19 * "Goba Goba" "Eating out with Joe"
  Liabilities:US:Chase:Slate                        -34.03 USD
  Expenses:Food:Restaurant                           34.03 USD

2021-08-20 * "Kin Soy" "Eating out "
  Liabilities:US:Chase:Slate                        -28.86 USD
  Expenses:Food:Restaurant                           28.86 USD

2021-08-21 * "Onion Market" "Buying groceries"
  Liabilities:US:Chase:Slate                        -85.57 USD
  Expenses:Food:Groceries                            85.57 USD

2021-08-25 * "Kin Soy" "Eating out with Joe"
  Liabilities:US:Chase:Slate                        -21.76 USD
  Expenses:Food:Restaurant                           21.76 USD

2021-08-27 * "China Garden" "Eating out with Julie"
  Liabilities:US:Chase:Slate                        -22.55 USD
  Expenses:Food:Restaurant                           22.55 USD

2021-09-01 * "Cafe Modagor" "Eating out alone"
  Liabilities:US:Chase:Slate                        -17.14 USD
  Expenses:Food:Restaurant                           17.14 USD

2021-09-03 * "Kin Soy" "Eating out with work buddies"
  Liabilities:US:Chase:Slate                        -46.13 USD
  Expenses:Food:Restaurant                           46.13 USD

2021-09-04 * "Rose Flower" "Eating out after work"
  Liabilities:US:Chase:Slate                        -44.65 USD
  Expenses:Food:Restaurant                           44.65 USD

2021-09-04 * "Corner Deli" "Buying groceries"
  Liabilities:US:Chase:Slate                        -85.18 USD
  Expenses:Food:Groceries                            85.18 USD

2021-09-07 balance Liabilities:US:Chase:Slate     -1784.20 USD

2021-09-09 * "Chichipotle" "Eating out with Natasha"
  Liabilities:US:Chase:Slate                        -23.46 USD
  Expenses:Food:Restaurant                           23.46 USD

2021-09-10 * "Good Moods Market" "Buying groceries"
  Liabilities:US:Chase:Slate                        -68.10 USD
  Expenses:Food:Groceries                            68.10 USD

2021-09-10 * "Chase:Slate" "Paying off credit card"
  Liabilities:US:Chase:Slate                        671.86 USD
  Assets:US:BofA:Checking                          -671.86 USD

2021-09-11 * "Cafe Modagor" "Eating out alone"
  Liabilities:US:Chase:Slate                        -45.34 USD
  Expenses:Food:Restaurant                           45.34 USD

2021-09-13 * "Kin Soy" "Eating out after work"
  Liabilities:US:Chase:Slate                        -49.81 USD
  Expenses:Food:Restaurant                           49.81 USD

2021-09-16 * "Kin Soy" "Eating out "
  Liabilities:US:Chase:Slate                        -55.91 USD
  Expenses:Food:Restaurant                           55.91 USD

2021-09-18 * "Metro Transport Authority" "Tram tickets"
  Liabilities:US:Chase:Slate                       -120.00 USD
  Expenses:Transport:Tram                           120.00 USD

2021-09-19 * "Uncle Boons" "Eating out after work"
  Liabilities:US:Chase:Slate                        -24.62 USD
  Expenses:Food:Restaurant                           24.62 USD

2021-09-23 * "Chichipotle" "Eating out with Natasha"
  Liabilities:US:Chase:Slate                        -16.63 USD
  Expenses:Food:Restaurant                           16.63 USD

2021-09-27 * "Uncle Boons" "Eating out with work buddies"
  Liabilities:US:Chase:Slate                        -42.07 USD
  Expenses:Food:Restaurant                           42.07 USD

2021-09-27 * "Good Moods Market" "Buying groceries"
  Liabilities:US:Chase:Slate                        -77.95 USD
  Expenses:Food:Groceries                            77.95 USD

2021-09-29 * "Kin Soy" "Eating out with Natasha"
  Liabilities:US:Chase:Slate                        -39.70 USD
  Expenses:Food:Restaurant                           39.70 USD

2021-10-01 * "Rose Flower" "Eating out with Julie"
  Liabilities:US:Chase:Slate                        -11.96 USD
  Expenses:Food:Restaurant                           11.96 USD

2021-10-03 balance Liabilities:US:Chase:Slate     -1687.89 USD

2021-10-04 * "Chichipotle" "Eating out alone"
  Liabilities:US:Chase:Slate                        -22.12 USD
  Expenses:Food:Restaurant                           22.12 USD

2021-10-08 * "Uncle Boons" "Eating out after work"
  Liabilities:US:Chase:Slate                        -33.23 USD
  Expenses:Food:Restaurant                           33.23 USD

2021-10-09 * "Good Moods Market" "Buying groceries"
  Liabilities:US:Chase:Slate                       -104.55 USD
  Expenses:Food:Groceries                           104.55 USD

2021-10-10 * "China Garden" "Eating out with Bill"
  Liabilities:US:Chase:Slate                        -30.37 USD
  Expenses:Food:Restaurant                           30.37 USD

2021-10-10 * "Chase:Slate" "Paying off credit card"
  Liabilities:US:Chase:Slate                        674.26 USD
  Assets:US:BofA:Checking                          -674.26 USD

2021-10-12 * "Goba Goba" "Eating out with work buddies"
  Liabilities:US:Chase:Slate                        -21.46 USD
  Expenses:Food:Restaurant                           21.46 USD

2021-10-13 * "Rose Flower" "Eating out with Joe"
  Liabilities:US:Chase:Slate                        -32.54 USD
  Expenses:Food:Restaurant                           32.54 USD

2021-10-16 * "Metro Transport Authority" "Tram tickets"
  Liabilities:US:Chase:Slate                       -120.00 USD
  Expenses:Transport:Tram                           120.00 USD

2021-10-17 * "Rose Flower" "Eating out with work buddies"
  Liabilities:US:Chase:Slate                        -18.47 USD
  Expenses:Food:Restaurant                           18.47 USD

2021-10-19 * "Kin Soy" "Eating out "
  Liabilities:US:Chase:Slate                        -41.66 USD
  Expenses:Food:Restaurant                           41.66 USD

2021-10-23 * "Jewel of Morroco" "Eating out with work buddies"
  Liabilities:US:Chase:Slate                        -46.26 USD
  Expenses:Food:Restaurant                           46.26 USD

2021-10-23 * "Good Moods Market" "Buying groceries"
  Liabilities:US:Chase:Slate                        -72.10 USD
  Expenses:Food:Groceries                            72.10 USD

2021-10-24 balance Liabilities:US:Chase:Slate     -1556.39 USD

2021-10-25 * "Uncle Boons" "Eating out alone"
  Liabilities:US:Chase:Slate                        -21.83 USD
  Expenses:Food:Restaurant                           21.83 USD

2021-10-26 * "Jewel of Morroco" "Eating out with Natasha"
  Liabilities:US:Chase:Slate                        -30.92 USD
  Expenses:Food:Restaurant                           30.92 USD

2021-10-29 * "Good Moods Market" "Buying groceries"
  Liabilities:US:Chase:Slate                        -56.11 USD
  Expenses:Food:Groceries                            56.11 USD

2021-10-30 * "Uncle Boons" "Eating out with work buddies"
  Liabilities:US:Chase:Slate                        -40.83 USD
  Expenses:Food:Restaurant                           40.83 USD

2021-10-31 * "Cafe Modagor" "Eating out with work buddies"
  Liabilities:US:Chase:Slate                        -31.69 USD
  Expenses:Food:Restaurant                           31.69 USD

2021-11-05 * "Goba Goba" "Eating out with work buddies"
  Liabilities:US:Chase:Slate                        -33.33 USD
  Expenses:Food:Restaurant                           33.33 USD

2021-11-08 * "Rose Flower" "Eating out with work buddies"
  Liabilities:US:Chase:Slate                        -28.73 USD
  Expenses:Food:Restaurant                           28.73 USD

2021-11-09 * "China Garden" "Eating out after work"
  Liabilities:US:Chase:Slate                        -21.76 USD
  Expenses:Food:Restaurant                           21.76 USD

2021-11-10 * "Cafe Modagor" "Eating out with work buddies"
  Liabilities:US:Chase:Slate                        -39.29 USD
  Expenses:Food:Restaurant                           39.29 USD

2021-11-11 * "Chase:Slate" "Paying off credit card"
  Liabilities:US:Chase:Slate                        676.73 USD
  Assets:US:BofA:Checking                          -676.73 USD

2021-11-12 * "Cafe Modagor" "Eating out alone"
  Liabilities:US:Chase:Slate                        -19.75 USD
  Expenses:Food:Restaurant                           19.75 USD

2021-11-12 * "Metro Transport Authority" "Tram tickets"
  Liabilities:US:Chase:Slate                       -120.00 USD
  Expenses:Transport:Tram                           120.00 USD

2021-11-14 event "location" "Boston"

2021-11-15 * "Legal Seafood" "" #trip-boston-2021
  Liabilities:US:Chase:Slate                        -41.59 USD
  Expenses:Food:Restaurant                           41.59 USD

2021-11-15 * "Starbucks" "" #trip-boston-2021
  Liabilities:US:Chase:Slate                         -5.85 USD
  Expenses:Food:Coffee                                5.85 USD

2021-11-16 * "Legal Seafood" "" #trip-boston-2021
  Liabilities:US:Chase:Slate                        -40.21 USD
  Expenses:Food:Restaurant                           40.21 USD

2021-11-17 * "Legal Seafood" "" #trip-boston-2021
  Liabilities:US:Chase:Slate                        -34.87 USD
  Expenses:Food:Restaurant                           34.87 USD

2021-11-19 balance Liabilities:US:Chase:Slate     -1446.42 USD

2021-11-19 * "Franklin Cafe" "" #trip-boston-2021
  Liabilities:US:Chase:Slate                        -32.56 USD
  Expenses:Food:Restaurant                           32.56 USD

2021-11-20 * "Franklin Cafe" "" #trip-boston-2021
  Liabilities:US:Chase:Slate                        -32.60 USD
  Expenses:Food:Restaurant                           32.60 USD

2021-11-21 * "Giacomo's Restaurant" "" #trip-boston-2021
  Liabilities:US:Chase:Slate                        -37.09 USD
  Expenses:Food:Restaurant                           37.09 USD

2021-11-23 * "Starbucks" "" #trip-boston-2021
  Liabilities:US:Chase:Slate                         -5.28 USD
  Expenses:Food:Coffee                                5.28 USD

2021-11-24 * "Starbucks" "" #trip-boston-2021
  Liabilities:US:Chase:Slate                         -5.49 USD
  Expenses:Food:Coffee                                5.49 USD

2021-11-25 * "Giacomo's Restaurant" "" #trip-boston-2021
  Liabilities:US:Chase:Slate                        -39.84 USD
  Expenses:Food:Restaurant                           39.84 USD

2021-11-26 * "Franklin Cafe" "" #trip-boston-2021
  Liabilities:US:Chase:Slate                        -30.81 USD
  Expenses:Food:Restaurant                           30.81 USD

2021-11-27 * "Legal Seafood" "" #trip-boston-2021
  Liabilities:US:Chase:Slate                        -35.79 USD
  Expenses:Food:Restaurant                           35.79 USD

2021-11-28 * "Giacomo's Restaurant" "" #trip-boston-2021
  Liabilities:US:Chase:Slate                        -36.97 USD
  Expenses:Food:Restaurant                           36.97 USD

2021-11-28 * "Consume vacation days"
  Assets:US:Hooli:Vacation                            -112 VACHR
  Expenses:Vacation                                    112 VACHR

2021-11-28 event "location" "New Metropolis"

2021-11-30 * "Cafe Modagor" "Eating out with Bill"
  Liabilities:US:Chase:Slate                        -26.81 USD
  Expenses:Food:Restaurant                           26.81 USD

2021-12-02 * "Kin Soy" "Eating out with Julie"
  Liabilities:US:Chase:Slate                        -17.50 USD
  Expenses:Food:Restaurant                           17.50 USD

2021-12-04 * "Corner Deli" "Buying groceries"
  Liabilities:US:Chase:Slate                        -69.92 USD
  Expenses:Food:Groceries                            69.92 USD

2021-12-07 * "Cafe Modagor" "Eating out with work buddies"
  Liabilities:US:Chase:Slate                        -25.95 USD
  Expenses:Food:Restaurant                           25.95 USD

2021-12-10 * "Uncle Boons" "Eating out with Bill"
  Liabilities:US:Chase:Slate                        -34.07 USD
  Expenses:Food:Restaurant                           34.07 USD

2021-12-10 * "Metro Transport Authority" "Tram tickets"
  Liabilities:US:Chase:Slate                       -120.00 USD
  Expenses:Transport:Tram                           120.00 USD

2021-12-11 * "Onion Market" "Buying groceries"
  Liabilities:US:Chase:Slate                        -53.69 USD
  Expenses:Food:Groceries                            53.69 USD

2021-12-11 * "Chase:Slate" "Paying off credit card"
  Liabilities:US:Chase:Slate                        467.94 USD
  Assets:US:BofA:Checking                          -467.94 USD

2021-12-14 * "Rose Flower" "Eating out after work"
  Liabilities:US:Chase:Slate                        -23.44 USD
  Expenses:Food:Restaurant                           23.44 USD

2021-12-18 * "Jewel of Morroco" "Eating out with Bill"
  Liabilities:US:Chase:Slate                        -27.74 USD
  Expenses:Food:Restaurant                           27.74 USD

2021-12-19 balance Liabilities:US:Chase:Slate     -1634.03 USD

2021-12-19 * "Cafe Modagor" "Eating out "
  Liabilities:US:Chase:Slate                        -75.04 USD
  Expenses:Food:Restaurant                           75.04 USD

2021-12-20 * "Kin Soy" "Eating out after work"
  Liabilities:US:Chase:Slate                        -12.78 USD
  Expenses:Food:Restaurant                           12.78 USD

2021-12-22 * "Chichipotle" "Eating out after work"
  Liabilities:US:Chase:Slate                        -61.15 USD
  Expenses:Food:Restaurant                           61.15 USD

2021-12-24 * "China Garden" "Eating out after work"
  Liabilities:US:Chase:Slate                        -23.40 USD
  Expenses:Food:Restaurant                           23.40 USD

2021-12-28 * "China Garden" "Eating out with Julie"
  Liabilities:US:Chase:Slate                        -36.35 USD
  Expenses:Food:Restaurant                           36.35 USD

2021-12-28 * "Onion Market" "Buying groceries"
  Liabilities:US:Chase:Slate                        -76.97 USD
  Expenses:Food:Groceries                            76.97 USD

2021-12-31 * "Uncle Boons" "Eating out with Julie"
  Liabilities:US:Chase:Slate                        -22.28 USD
  Expenses:Food:Restaurant                           22.28 USD

2022-01-04 * "Cafe Modagor" "Eating out with Natasha"
  Liabilities:US:Chase:Slate                        -32.05 USD
  Expenses:Food:Restaurant                           32.05 USD

2022-01-05 * "Chichipotle" "Eating out with Bill"
  Liabilities:US:Chase:Slate                        -18.30 USD
  Expenses:Food:Restaurant                           18.30 USD

2022-01-09 * "Chichipotle" "Eating out after work"
  Liabilities:US:Chase:Slate                        -25.23 USD
  Expenses:Food:Restaurant                           25.23 USD

2022-01-09 * "Chase:Slate" "Paying off credit card"
  Liabilities:US:Chase:Slate                        434.73 USD
  Assets:US:BofA:Checking                          -434.73 USD

2022-01-10 * "Metro Transport Authority" "Tram tickets"
  Liabilities:US:Chase:Slate                       -120.00 USD
  Expenses:Transport:Tram                           120.00 USD

2022-01-11 * "Onion Market" "Buying groceries"
  Liabilities:US:Chase:Slate                        -78.50 USD
  Expenses:Food:Groceries                            78.50 USD

2022-01-13 * "Uncle Boons" "Eating out with Bill"
  Liabilities:US:Chase:Slate                        -31.86 USD
  Expenses:Food:Restaurant                           31.86 USD

2022-01-15 balance Liabilities:US:Chase:Slate     -1813.21 USD

2022-01-16 * "Uncle Boons" "Eating out with Julie"
  Liabilities:US:Chase:Slate                        -38.92 USD
  Expenses:Food:Restaurant                           38.92 USD

2022-01-17 * "Jewel of Morroco" "Eating out after work"
  Liabilities:US:Chase:Slate                        -39.88 USD
  Expenses:Food:Restaurant                           39.88 USD

2022-01-17 * "Onion Market" "Buying groceries"
  Liabilities:US:Chase:Slate                        -66.79 USD
  Expenses:Food:Groceries                            66.79 USD

2022-01-21 * "Uncle Boons" "Eating out alone"
  Liabilities:US:Chase:Slate                        -25.94 USD
  Expenses:Food:Restaurant                           25.94 USD

2022-01-22 * "Goba Goba" "Eating out with Bill"
  Liabilities:US:Chase:Slate                        -23.32 USD
  Expenses:Food:Restaurant                           23.32 USD

2022-01-23 * "Rose Flower" "Eating out after work"
  Liabilities:US:Chase:Slate                        -22.84 USD
  Expenses:Food:Restaurant                           22.84 USD

2022-01-24 * "Kin Soy" "Eating out with Bill"
  Liabilities:US:Chase:Slate                        -34.27 USD
  Expenses:Food:Restaurant                           34.27 USD

2022-01-25 * "Kin Soy" "Eating out alone"
  Liabilities:US:Chase:Slate                        -40.88 USD
  Expenses:Food:Restaurant                           40.88 USD

2022-01-26 * "China Garden" "Eating out with Natasha"
  Liabilities:US:Chase:Slate                        -27.11 USD
  Expenses:Food:Restaurant                           27.11 USD

2022-01-29 * "Kin Soy" "Eating out with Natasha"
  Liabilities:US:Chase:Slate                        -21.85 USD
  Expenses:Food:Restaurant                           21.85 USD

2022-01-29 * "Corner Deli" "Buying groceries"
  Liabilities:US:Chase:Slate                        -87.20 USD
  Expenses:Food:Groceries                            87.20 USD

2022-01-31 * "Rose Flower" "Eating out with work buddies"
  Liabilities:US:Chase:Slate                        -37.15 USD
  Expenses:Food:Restaurant                           37.15 USD

2022-02-02 * "Cafe Modagor" "Eating out with Julie"
  Liabilities:US:Chase:Slate                        -20.15 USD
  Expenses:Food:Restaurant                           20.15 USD

2022-02-04 balance Liabilities:US:Chase:Slate     -2299.51 USD

2022-02-04 * "Goba Goba" "Eating out with Joe"
  Liabilities:US:Chase:Slate                        -16.01 USD
  Expenses:Food:Restaurant                           16.01 USD

2022-02-07 * "Chase:Slate" "Paying off credit card"
  Liabilities:US:Chase:Slate                        823.25 USD
  Assets:US:BofA:Checking                          -823.25 USD

2022-02-08 * "Corner Deli" "Buying groceries"
  Liabilities:US:Chase:Slate                        -90.58 USD
  Expenses:Food:Groceries                            90.58 USD

2022-02-09 * "Uncle Boons" "Eating out alone"
  Liabilities:US:Chase:Slate                        -32.96 USD
  Expenses:Food:Restaurant                           32.96 USD

2022-02-11 * "Metro Transport Authority" "Tram tickets"
  Liabilities:US:Chase:Slate                       -120.00 USD
  Expenses:Transport:Tram                           120.00 USD

2022-02-14 * "Chichipotle" "Eating out with work buddies"
  Liabilities:US:Chase:Slate                        -17.93 USD
  Expenses:Food:Restaurant                           17.93 USD

2022-02-16 * "Chichipotle" "Eating out alone"
  Liabilities:US:Chase:Slate                        -47.04 USD
  Expenses:Food:Restaurant                           47.04 USD

2022-02-18 * "Rose Flower" "Eating out with Natasha"
  Liabilities:US:Chase:Slate                        -17.91 USD
  Expenses:Food:Restaurant                           17.91 USD

2022-02-18 * "Onion Market" "Buying groceries"
  Liabilities:US:Chase:Slate                        -86.24 USD
  Expenses:Food:Groceries                            86.24 USD

2022-02-21 * "Goba Goba" "Eating out with work buddies"
  Liabilities:US:Chase:Slate                        -50.06 USD
  Expenses:Food:Restaurant                           50.06 USD

2022-02-24 balance Liabilities:US:Chase:Slate     -1954.99 USD

2022-02-26 * "Goba Goba" "Eating out after work"
  Liabilities:US:Chase:Slate                        -14.61 USD
  Expenses:Food:Restaurant                           14.61 USD

2022-02-28 * "Chichipotle" "Eating out alone"
  Liabilities:US:Chase:Slate                        -16.69 USD
  Expenses:Food:Restaurant                           16.69 USD

2022-03-02 * "Jewel of Morroco" "Eating out alone"
  Liabilities:US:Chase:Slate                        -28.35 USD
  Expenses:Food:Restaurant                           28.35 USD

2022-03-06 * "Uncle Boons" "Eating out alone"
  Liabilities:US:Chase:Slate                        -23.12 USD
  Expenses:Food:Restaurant                           23.12 USD

2022-03-09 * "Good Moods Market" "Buying groceries"
  Liabilities:US:Chase:Slate                       -108.00 USD
  Expenses:Food:Groceries                           108.00 USD

2022-03-10 * "Cafe Modagor" "Eating out with Natasha"
  Liabilities:US:Chase:Slate                        -29.05 USD
  Expenses:Food:Restaurant                           29.05 USD

2022-03-11 * "Chase:Slate" "Paying off credit card"
  Liabilities:US:Chase:Slate                        624.26 USD
  Assets:US:BofA:Checking                          -624.26 USD

2022-03-13 * "China Garden" "Eating out with Julie"
  Liabilities:US:Chase:Slate                        -32.30 USD
  Expenses:Food:Restaurant                           32.30 USD

2022-03-14 * "Cafe Modagor" "Eating out with Julie"
  Liabilities:US:Chase:Slate                        -27.30 USD
  Expenses:Food:Restaurant                           27.30 USD

2022-03-14 * "Metro Transport Authority" "Tram tickets"
  Liabilities:US:Chase:Slate                       -120.00 USD
  Expenses:Transport:Tram                           120.00 USD

2022-03-15 * "Goba Goba" "Eating out "
  Liabilities:US:Chase:Slate                        -37.96 USD
  Expenses:Food:Restaurant                           37.96 USD

2022-03-17 * "Cafe Modagor" "Eating out after work"
  Liabilities:US:Chase:Slate                        -37.55 USD
  Expenses:Food:Restaurant                           37.55 USD

2022-03-18 balance Liabilities:US:Chase:Slate     -1805.66 USD

2022-03-20 * "Jewel of Morroco" "Eating out with Joe"
  Liabilities:US:Chase:Slate                        -23.63 USD
  Expenses:Food:Restaurant                           23.63 USD

2022-03-21 * "Jewel of Morroco" "Eating out alone"
  Liabilities:US:Chase:Slate                        -21.44 USD
  Expenses:Food:Restaurant                           21.44 USD

2022-03-24 * "Goba Goba" "Eating out "
  Liabilities:US:Chase:Slate                        -46.87 USD
  Expenses:Food:Restaurant                           46.87 USD

2022-03-27 * "Corner Deli" "Buying groceries"
  Liabilities:US:Chase:Slate                        -67.98 USD
  Expenses:Food:Groceries                            67.98 USD

2022-03-28 * "Goba Goba" "Eating out with Julie"
  Liabilities:US:Chase:Slate                        -23.80 USD
  Expenses:Food:Restaurant                           23.80 USD

2022-04-02 * "Chichipotle" "Eating out with work buddies"
  Liabilities:US:Chase:Slate                        -24.98 USD
  Expenses:Food:Restaurant                           24.98 USD

2022-04-07 * "China Garden" "Eating out after work"
  Liabilities:US:Chase:Slate                        -41.37 USD
  Expenses:Food:Restaurant                           41.37 USD

2022-04-07 * "Chase:Slate" "Paying off credit card"
  Liabilities:US:Chase:Slate                        472.88 USD
  Assets:US:BofA:Checking                          -472.88 USD

2022-04-08 balance Liabilities:US:Chase:Slate     -1582.85 USD

2022-04-10 * "Uncle Boons" "Eating out with work buddies"
  Liabilities:US:Chase:Slate                        -44.04 USD
  Expenses:Food:Restaurant                           44.04 USD

2022-04-11 * "China Garden" "Eating out alone"
  Liabilities:US:Chase:Slate                        -68.19 USD
  Expenses:Food:Restaurant                           68.19 USD

2022-04-11 * "Metro Transport Authority" "Tram tickets"
  Liabilities:US:Chase:Slate                       -120.00 USD
  Expenses:Transport:Tram                           120.00 USD

2022-04-13 * "Farmer Fresh" "Buying groceries"
  Liabilities:US:Chase:Slate                        -69.64 USD
  Expenses:Food:Groceries                            69.64 USD

2022-04-14 * "Cafe Modagor" "Eating out after work"
  Liabilities:US:Chase:Slate                        -14.67 USD
  Expenses:Food:Restaurant                           14.67 USD

2022-04-18 * "Uncle Boons" "Eating out "
  Liabilities:US:Chase:Slate                        -45.26 USD
  Expenses:Food:Restaurant                           45.26 USD

2022-04-23 * "China Garden" "Eating out with work buddies"
  Liabilities:US:Chase:Slate                         -9.20 USD
  Expenses:Food:Restaurant                            9.20 USD

2022-04-24 * "Cafe Modagor" "Eating out with Natasha"
  Liabilities:US:Chase:Slate                        -12.79 USD
  Expenses:Food:Restaurant                           12.79 USD

2022-04-24 * "Onion Market" "Buying groceries"
  Liabilities:US:Chase:Slate                        -45.44 USD
  Expenses:Food:Groceries                            45.44 USD

2022-04-26 * "Uncle Boons" "Eating out with work buddies"
  Liabilities:US:Chase:Slate                        -36.52 USD
  Expenses:Food:Restaurant                           36.52 USD

2022-04-28 * "Cafe Modagor" "Eating out with work buddies"
  Liabilities:US:Chase:Slate                        -36.81 USD
  Expenses:Food:Restaurant                           36.81 USD

2022-04-30 balance Liabilities:US:Chase:Slate     -2085.41 USD

2022-05-01 * "Kin Soy" "Eating out with Joe"
  Liabilities:US:Chase:Slate                        -26.86 USD
  Expenses:Food:Restaurant                           26.86 USD

2022-05-05 * "Goba Goba" "Eating out "
  Liabilities:US:Chase:Slate                        -65.03 USD
  Expenses:Food:Restaurant                           65.03 USD

2022-05-08 * "Chase:Slate" "Paying off credit card"
  Liabilities:US:Chase:Slate                        619.48 USD
  Assets:US:BofA:Checking                          -619.48 USD

2022-05-09 * "Jewel of Morroco" "Eating out alone"
  Liabilities:US:Chase:Slate                        -25.03 USD
  Expenses:Food:Restaurant                           25.03 USD

2022-05-12 * "Onion Market" "Buying groceries"
  Liabilities:US:Chase:Slate                        -60.04 USD
  Expenses:Food:Groceries                            60.04 USD

2022-05-13 * "Metro Transport Authority" "Tram tickets"
  Liabilities:US:Chase:Slate                       -120.00 USD
  Expenses:Transport:Tram                           120.00 USD

2022-05-14 * "Kin Soy" "Eating out with Bill"
  Liabilities:US:Chase:Slate                        -20.85 USD
  Expenses:Food:Restaurant                           20.85 USD

2022-05-17 * "Uncle Boons" "Eating out with Joe"
  Liabilities:US:Chase:Slate                        -41.89 USD
  Expenses:Food:Restaurant                           41.89 USD

2022-05-22 * "Chichipotle" "Eating out "
  Liabilities:US:Chase:Slate                        -25.09 USD
  Expenses:Food:Restaurant                           25.09 USD

2022-05-22 * "Onion Market" "Buying groceries"
  Liabilities:US:Chase:Slate                        -51.93 USD
  Expenses:Food:Groceries                            51.93 USD

2022-05-23 * "Chichipotle" "Eating out after work"
  Liabilities:US:Chase:Slate                        -33.68 USD
  Expenses:Food:Restaurant                           33.68 USD

2022-05-25 balance Liabilities:US:Chase:Slate     -1936.33 USD

2022-05-28 * "Uncle Boons" "Eating out after work"
  Liabilities:US:Chase:Slate                        -72.78 USD
  Expenses:Food:Restaurant                           72.78 USD

2022-05-31 * "Corner Deli" "Buying groceries"
  Liabilities:US:Chase:Slate                        -74.79 USD
  Expenses:Food:Groceries                            74.79 USD

2022-06-02 * "Cafe Modagor" "Eating out with Julie"
  Liabilities:US:Chase:Slate                        -65.65 USD
  Expenses:Food:Restaurant                           65.65 USD

2022-06-03 * "Kin Soy" "Eating out "
  Liabilities:US:Chase:Slate                        -33.62 USD
  Expenses:Food:Restaurant                           33.62 USD

2022-06-04 * "Rose Flower" "Eating out with Joe"
  Liabilities:US:Chase:Slate                        -37.77 USD
  Expenses:Food:Restaurant                           37.77 USD

2022-06-05 * "Uncle Boons" "Eating out with Natasha"
  Liabilities:US:Chase:Slate                        -29.74 USD
  Expenses:Food:Restaurant                           29.74 USD

2022-06-07 * "Chichipotle" "Eating out with Joe"
  Liabilities:US:Chase:Slate                        -27.90 USD
  Expenses:Food:Restaurant                           27.90 USD

2022-06-07 * "Corner Deli" "Buying groceries"
  Liabilities:US:Chase:Slate                       -130.29 USD
  Expenses:Food:Groceries                           130.29 USD

2022-06-08 * "Chichipotle" "Eating out with work buddies"
  Liabilities:US:Chase:Slate                        -21.15 USD
  Expenses:Food:Restaurant                           21.15 USD

2022-06-08 * "Chase:Slate" "Paying off credit card"
  Liabilities:US:Chase:Slate                        847.17 USD
  Assets:US:BofA:Checking                          -847.17 USD

2022-06-11 * "Chichipotle" "Eating out with Bill"
  Liabilities:US:Chase:Slate                        -20.43 USD
  Expenses:Food:Restaurant                           20.43 USD

2022-06-12 * "Metro Transport Authority" "Tram tickets"
  Liabilities:US:Chase:Slate                       -120.00 USD
  Expenses:Transport:Tram                           120.00 USD

2022-06-13 * "China Garden" "Eating out with Natasha"
  Liabilities:US:Chase:Slate                        -20.32 USD
  Expenses:Food:Restaurant                           20.32 USD

2022-06-15 balance Liabilities:US:Chase:Slate     -1743.60 USD

2022-06-15 * "Goba Goba" "Eating out with Joe"
  Liabilities:US:Chase:Slate                        -41.46 USD
  Expenses:Food:Restaurant                           41.46 USD

2022-06-18 * "Rose Flower" "Eating out with Joe"
  Liabilities:US:Chase:Slate                        -30.20 USD
  Expenses:Food:Restaurant                           30.20 USD

2022-06-19 * "Farmer Fresh" "Buying groceries"
  Liabilities:US:Chase:Slate                        -79.21 USD
  Expenses:Food:Groceries                            79.21 USD

2022-06-21 * "Uncle Boons" "Eating out after work"
  Liabilities:US:Chase:Slate                        -35.15 USD
  Expenses:Food:Restaurant                           35.15 USD

2022-06-22 * "China Garden" "Eating out after work"
  Liabilities:US:Chase:Slate                        -32.56 USD
  Expenses:Food:Restaurant                           32.56 USD

2022-06-27 * "Jewel of Morroco" "Eating out with work buddies"
  Liabilities:US:Chase:Slate                        -38.33 USD
  Expenses:Food:Restaurant                           38.33 USD

2022-06-28 * "Rose Flower" "Eating out after work"
  Liabilities:US:Chase:Slate                        -24.38 USD
  Expenses:Food:Restaurant                           24.38 USD

2022-07-01 * "Good Moods Market" "Buying groceries"
  Liabilities:US:Chase:Slate                        -79.91 USD
  Expenses:Food:Groceries                            79.91 USD

2022-07-02 * "Cafe Modagor" "Eating out with Joe"
  Liabilities:US:Chase:Slate                        -61.06 USD
  Expenses:Food:Restaurant                           61.06 USD

2022-07-07 * "Cafe Modagor" "Eating out alone"
  Liabilities:US:Chase:Slate                        -80.45 USD
  Expenses:Food:Restaurant                           80.45 USD

2022-07-09 balance Liabilities:US:Chase:Slate     -2246.31 USD

2022-07-10 * "Jewel of Morroco" "Eating out after work"
  Liabilities:US:Chase:Slate                        -33.75 USD
  Expenses:Food:Restaurant                           33.75 USD

2022-07-10 * "Chase:Slate" "Paying off credit card"
  Liabilities:US:Chase:Slate                        697.21 USD
  Assets:US:BofA:Checking                          -697.21 USD

2022-07-13 * "China Garden" "Eating out with Natasha"
  Liabilities:US:Chase:Slate                        -39.76 USD
  Expenses:Food:Restaurant                           39.76 USD

2022-07-13 * "Metro Transport Authority" "Tram tickets"
  Liabilities:US:Chase:Slate                       -120.00 USD
  Expenses:Transport:Tram                           120.00 USD

2022-07-14 * "Farmer Fresh" "Buying groceries"
  Liabilities:US:Chase:Slate                       -131.12 USD
  Expenses:Food:Groceries                           131.12 USD

2022-07-17 * "Cafe Modagor" "Eating out alone"
  Liabilities:US:Chase:Slate                        -23.80 USD
  Expenses:Food:Restaurant                           23.80 USD

2022-07-22 * "Rose Flower" "Eating out with work buddies"
  Liabilities:US:Chase:Slate                        -26.84 USD
  Expenses:Food:Restaurant                           26.84 USD

2022-07-25 * "Corner Deli" "Buying groceries"
  Liabilities:US:Chase:Slate                        -89.33 USD
  Expenses:Food:Groceries                            89.33 USD

2022-07-26 * "China Garden" "Eating out with Julie"
  Liabilities:US:Chase:Slate                        -28.36 USD
  Expenses:Food:Restaurant                           28.36 USD

2022-07-29 balance Liabilities:US:Chase:Slate     -2042.06 USD

2022-07-29 * "Goba Goba" "Eating out with Julie"
  Liabilities:US:Chase:Slate                        -20.55 USD
  Expenses:Food:Restaurant                           20.55 USD

2022-08-03 * "Uncle Boons" "Eating out with Joe"
  Liabilities:US:Chase:Slate                        -30.96 USD
  Expenses:Food:Restaurant                           30.96 USD

2022-08-04 * "Jewel of Morroco" "Eating out with Bill"
  Liabilities:US:Chase:Slate                        -42.41 USD
  Expenses:Food:Restaurant                           42.41 USD

2022-08-04 * "Farmer Fresh" "Buying groceries"
  Liabilities:US:Chase:Slate                        -98.61 USD
  Expenses:Food:Groceries                            98.61 USD

2022-08-06 * "Kin Soy" "Eating out with Bill"
  Liabilities:US:Chase:Slate                        -21.66 USD
  Expenses:Food:Restaurant                           21.66 USD

2022-08-07 * "Kin Soy" "Eating out alone"
  Liabilities:US:Chase:Slate                        -28.90 USD
  Expenses:Food:Restaurant                           28.90 USD

2022-08-07 * "Chase:Slate" "Paying off credit card"
  Liabilities:US:Chase:Slate                        702.30 USD
  Assets:US:BofA:Checking                          -702.30 USD

2022-08-08 * "Cafe Modagor" "Eating out alone"
  Liabilities:US:Chase:Slate                        -27.66 USD
  Expenses:Food:Restaurant                           27.66 USD

2022-08-09 * "Corner Deli" "Buying groceries"
  Liabilities:US:Chase:Slate                        -63.38 USD
  Expenses:Food:Groceries                            63.38 USD

2022-08-09 * "Metro Transport Authority" "Tram tickets"
  Liabilities:US:Chase:Slate                       -120.00 USD
  Expenses:Transport:Tram                           120.00 USD

2022-08-13 * "Kin Soy" "Eating out with Joe"
  Liabilities:US:Chase:Slate                        -38.83 USD
  Expenses:Food:Restaurant                           38.83 USD

2022-08-16 * "Uncle Boons" "Eating out with work buddies"
  Liabilities:US:Chase:Slate                        -45.54 USD
  Expenses:Food:Restaurant                           45.54 USD

2022-08-19 * "Goba Goba" "Eating out alone"
  Liabilities:US:Chase:Slate                        -38.51 USD
  Expenses:Food:Restaurant                           38.51 USD

2022-08-20 balance Liabilities:US:Chase:Slate     -1916.77 USD

2022-08-20 * "Kin Soy" "Eating out with Natasha"
  Liabilities:US:Chase:Slate                        -40.76 USD
  Expenses:Food:Restaurant                           40.76 USD

2022-08-23 * "Kin Soy" "Eating out after work"
  Liabilities:US:Chase:Slate                        -26.93 USD
  Expenses:Food:Restaurant                           26.93 USD

2022-08-25 * "Kin Soy" "Eating out with work buddies"
  Liabilities:US:Chase:Slate                        -21.29 USD
  Expenses:Food:Restaurant                           21.29 USD

2022-08-29 * "Onion Market" "Buying groceries"
  Liabilities:US:Chase:Slate                        -59.83 USD
  Expenses:Food:Groceries                            59.83 USD

2022-08-30 * "Rose Flower" "Eating out with Joe"
  Liabilities:US:Chase:Slate                        -17.61 USD
  Expenses:Food:Restaurant                           17.61 USD

2022-09-03 * "Jewel of Morroco" "Eating out with Joe"
  Liabilities:US:Chase:Slate                        -21.10 USD
  Expenses:Food:Restaurant                           21.10 USD

2022-09-06 * "Metro Transport Authority" "Tram tickets"
  Liabilities:US:Chase:Slate                       -120.00 USD
  Expenses:Transport:Tram                           120.00 USD

2022-09-07 * "China Garden" "Eating out "
  Liabilities:US:Chase:Slate                        -17.40 USD
  Expenses:Food:Restaurant                           17.40 USD

2022-09-09 * "Chase:Slate" "Paying off credit card"
  Liabilities:US:Chase:Slate                        704.23 USD
  Assets:US:BofA:Checking                          -704.23 USD

2022-09-11 balance Liabilities:US:Chase:Slate     -1537.46 USD

2022-09-12 * "Uncle Boons" "Eating out with work buddies"
  Liabilities:US:Chase:Slate                        -45.39 USD
  Expenses:Food:Restaurant                           45.39 USD

2022-09-16 * "Rose Flower" "Eating out with Natasha"
  Liabilities:US:Chase:Slate                        -19.77 USD
  Expenses:Food:Restaurant                           19.77 USD

2022-09-16 * "Corner Deli" "Buying groceries"
  Liabilities:US:Chase:Slate                       -118.73 USD
  Expenses:Food:Groceries                           118.73 USD

2022-09-17 * "Chichipotle" "Eating out with Joe"
  Liabilities:US:Chase:Slate                        -20.07 USD
  Expenses:Food:Restaurant                           20.07 USD

2022-09-21 * "Cafe Modagor" "Eating out after work"
  Liabilities:US:Chase:Slate                        -20.62 USD
  Expenses:Food:Restaurant                           20.62 USD

2022-09-24 * "Kin Soy" "Eating out after work"
  Liabilities:US:Chase:Slate                        -24.97 USD
  Expenses:Food:Restaurant                           24.97 USD

2022-09-28 * "Farmer Fresh" "Buying groceries"
  Liabilities:US:Chase:Slate                        -93.53 USD
  Expenses:Food:Groceries                            93.53 USD

2022-09-29 * "Rose Flower" "Eating out alone"
  Liabilities:US:Chase:Slate                        -27.12 USD
  Expenses:Food:Restaurant                           27.12 USD

2022-10-03 * "Metro Transport Authority" "Tram tickets"
  Liabilities:US:Chase:Slate                       -120.00 USD
  Expenses:Transport:Tram                           120.00 USD

2022-10-04 * "Goba Goba" "Eating out with work buddies"
  Liabilities:US:Chase:Slate                        -45.70 USD
  Expenses:Food:Restaurant                           45.70 USD

2022-10-05 * "Kin Soy" "Eating out with Joe"
  Liabilities:US:Chase:Slate                        -25.88 USD
  Expenses:Food:Restaurant                           25.88 USD

2022-10-08 * "Goba Goba" "Eating out with Bill"
  Liabilities:US:Chase:Slate                        -38.43 USD
  Expenses:Food:Restaurant                           38.43 USD

2022-10-09 balance Liabilities:US:Chase:Slate     -2137.67 USD

2022-10-11 * "China Garden" "Eating out "
  Liabilities:US:Chase:Slate                        -22.94 USD
  Expenses:Food:Restaurant                           22.94 USD

2022-10-11 * "Good Moods Market" "Buying groceries"
  Liabilities:US:Chase:Slate                        -92.11 USD
  Expenses:Food:Groceries                            92.11 USD

2022-10-11 * "Chase:Slate" "Paying off credit card"
  Liabilities:US:Chase:Slate                        577.76 USD
  Assets:US:BofA:Checking                          -577.76 USD

2022-10-14 * "China Garden" "Eating out with Bill"
  Liabilities:US:Chase:Slate                        -26.51 USD
  Expenses:Food:Restaurant                           26.51 USD

2022-10-18 * "Goba Goba" "Eating out "
  Liabilities:US:Chase:Slate                        -32.53 USD
  Expenses:Food:Restaurant                           32.53 USD

2022-10-21 * "China Garden" "Eating out after work"
  Liabilities:US:Chase:Slate                        -35.39 USD
  Expenses:Food:Restaurant                           35.39 USD

2022-10-25 * "Corner Deli" "Buying groceries"
  Liabilities:US:Chase:Slate                        -65.75 USD
  Expenses:Food:Groceries                            65.75 USD

2022-10-26 * "Goba Goba" "Eating out alone"
  Liabilities:US:Chase:Slate                        -38.10 USD
  Expenses:Food:Restaurant                           38.10 USD

2022-10-30 * "Cafe Modagor" "Eating out with Julie"
  Liabilities:US:Chase:Slate                        -64.31 USD
  Expenses:Food:Restaurant                           64.31 USD

2022-10-30 * "Onion Market" "Buying groceries"
  Liabilities:US:Chase:Slate                        -57.67 USD
  Expenses:Food:Groceries                            57.67 USD

2022-10-31 * "China Garden" "Eating out alone"
  Liabilities:US:Chase:Slate                        -56.51 USD
  Expenses:Food:Restaurant                           56.51 USD

2022-11-03 balance Liabilities:US:Chase:Slate     -2051.73 USD

2022-11-03 * "Metro Transport Authority" "Tram tickets"
  Liabilities:US:Chase:Slate                       -120.00 USD
  Expenses:Transport:Tram                           120.00 USD

2022-11-04 * "Cafe Modagor" "Eating out with Julie"
  Liabilities:US:Chase:Slate                        -24.58 USD
  Expenses:Food:Restaurant                           24.58 USD

2022-11-07 * "Farmer Fresh" "Buying groceries"
  Liabilities:US:Chase:Slate                       -142.24 USD
  Expenses:Food:Groceries                           142.24 USD

2022-11-09 * "China Garden" "Eating out with Bill"
  Liabilities:US:Chase:Slate                        -51.02 USD
  Expenses:Food:Restaurant                           51.02 USD

2022-11-12 * "Rose Flower" "Eating out with Joe"
  Liabilities:US:Chase:Slate                        -33.79 USD
  Expenses:Food:Restaurant                           33.79 USD



* Taxable Investments

2020-01-01 open Assets:US:ETrade:Cash                       USD
2020-01-01 open Assets:US:ETrade:ITOT                       ITOT
2020-01-01 open Assets:US:ETrade:VEA                       VEA
2020-01-01 open Assets:US:ETrade:VHT                       VHT
2020-01-01 open Assets:US:ETrade:GLD                       GLD
2020-01-01 open Income:US:ETrade:PnL                        USD
2020-01-01 open Income:US:ETrade:ITOT:Dividend              USD
2020-01-01 open Income:US:ETrade:VEA:Dividend              USD
2020-01-01 open Income:US:ETrade:VHT:Dividend              USD
2020-01-01 open Income:US:ETrade:GLD:Dividend              USD

2020-09-17 * "Buy shares of VEA"
  Assets:US:ETrade:Cash                           -1846.45 USD
  Assets:US:ETrade:VEA                                  15 VEA {122.50 USD, 2020-09-17}
  Expenses:Financial:Commissions                      8.95 USD

2020-09-17 * "Buy shares of ITOT"
  Assets:US:ETrade:Cash                           -1716.71 USD
  Assets:US:ETrade:ITOT                                  8 ITOT {213.47 USD, 2020-09-17}
  Expenses:Financial:Commissions                      8.95 USD

2020-09-17 * "Dividends on portfolio"
  Assets:US:ETrade:Cash                              14.18 USD
  Income:US:ETrade:VHT:Dividend                     -14.18 USD

2020-10-28 * "Sell shares of ITOT"
  Assets:US:ETrade:ITOT                                 -8 ITOT {213.47 USD, 2020-09-17} @ 221.97 USD
  Assets:US:ETrade:Cash                            1766.81 USD
  Expenses:Financial:Commissions                      8.95 USD
  Income:US:ETrade:PnL                              -68.00 USD

2020-11-01 * "Sell shares of VEA"
  Assets:US:ETrade:VEA                                 -15 VEA {122.50 USD, 2020-09-17} @ 121.75 USD
  Assets:US:ETrade:Cash                            1817.30 USD
  Expenses:Financial:Commissions                      8.95 USD
  Income:US:ETrade:PnL                               11.25 USD

2020-11-17 * "Buy shares of GLD"
  Assets:US:ETrade:Cash                           -7883.95 USD
  Assets:US:ETrade:GLD                                  45 GLD {175.00 USD, 2020-11-17}
  Expenses:Financial:Commissions                      8.95 USD

2020-12-17 * "Dividends on portfolio"
  Assets:US:ETrade:Cash                              45.68 USD
  Income:US:ETrade:VHT:Dividend                     -45.68 USD

2021-03-18 * "Dividends on portfolio"
  Assets:US:ETrade:Cash                              45.68 USD
  Income:US:ETrade:VHT:Dividend                     -45.68 USD

2021-06-18 * "Dividends on portfolio"
  Assets:US:ETrade:Cash                              45.68 USD
  Income:US:ETrade:GLD:Dividend                     -45.68 USD

2021-07-12 * "Sell shares of GLD"
  Assets:US:ETrade:GLD                                 -45 GLD {175.00 USD, 2020-11-17} @ 183.86 USD
  Assets:US:ETrade:Cash                            8264.75 USD
  Expenses:Financial:Commissions                      8.95 USD
  Income:US:ETrade:PnL                             -398.70 USD

2021-08-26 * "Buy shares of ITOT"
  Assets:US:ETrade:Cash                          -11145.43 USD
  Assets:US:ETrade:ITOT                                 48 ITOT {232.01 USD, 2021-08-26}
  Expenses:Financial:Commissions                      8.95 USD

2021-09-11 * "Sell shares of ITOT"
  Assets:US:ETrade:ITOT                                -48 ITOT {232.01 USD, 2021-08-26} @ 219.77 USD
  Assets:US:ETrade:Cash                           10540.01 USD
  Expenses:Financial:Commissions                      8.95 USD
  Income:US:ETrade:PnL                              587.52 USD

2021-09-18 * "Dividends on portfolio"
  Assets:US:ETrade:Cash                              90.23 USD
  Income:US:ETrade:ITOT:Dividend                    -90.23 USD

2021-09-30 * "Buy shares of GLD"
  Assets:US:ETrade:Cash                           -2479.47 USD
  Assets:US:ETrade:GLD                                  13 GLD {190.04 USD, 2021-09-30}
  Expenses:Financial:Commissions                      8.95 USD

2021-09-30 * "Buy shares of VHT"
  Assets:US:ETrade:Cash                           -2520.49 USD
  Assets:US:ETrade:VHT                                  27 VHT {93.02 USD, 2021-09-30}
  Expenses:Financial:Commissions                      8.95 USD

2021-09-30 * "Buy shares of VEA"
  Assets:US:ETrade:Cash                           -2490.95 USD
  Assets:US:ETrade:VEA                                  17 VEA {146.00 USD, 2021-09-30}
  Expenses:Financial:Commissions                      8.95 USD

2021-09-30 * "Buy shares of ITOT"
  Assets:US:ETrade:Cash                           -2595.43 USD
  Assets:US:ETrade:ITOT                                 12 ITOT {215.54 USD, 2021-09-30}
  Expenses:Financial:Commissions                      8.95 USD

2021-10-09 * "Buy shares of VEA"
  Assets:US:ETrade:Cash                           -4082.39 USD
  Assets:US:ETrade:VEA                                  28 VEA {145.48 USD, 2021-10-09}
  Expenses:Financial:Commissions                      8.95 USD

2021-10-27 * "Sell shares of ITOT"
  Assets:US:ETrade:ITOT                                -12 ITOT {215.54 USD, 2021-09-30} @ 229.98 USD
  Assets:US:ETrade:Cash                            2750.81 USD
  Expenses:Financial:Commissions                      8.95 USD
  Income:US:ETrade:PnL                             -173.28 USD

2021-11-05 * "Buy shares of ITOT"
  Assets:US:ETrade:Cash                           -1177.05 USD
  Assets:US:ETrade:ITOT                                  5 ITOT {233.62 USD, 2021-11-05}
  Expenses:Financial:Commissions                      8.95 USD

2021-11-05 * "Buy shares of VEA"
  Assets:US:ETrade:Cash                           -1355.62 USD
  Assets:US:ETrade:VEA                                   9 VEA {149.63 USD, 2021-11-05}
  Expenses:Financial:Commissions                      8.95 USD

2021-12-03 * "Buy shares of VHT"
  Assets:US:ETrade:Cash                           -1528.31 USD
  Assets:US:ETrade:VHT                                  16 VHT {94.96 USD, 2021-12-03}
  Expenses:Financial:Commissions                      8.95 USD

2021-12-03 * "Buy shares of ITOT"
  Assets:US:ETrade:Cash                           -1395.67 USD
  Assets:US:ETrade:ITOT                                  6 ITOT {231.12 USD, 2021-12-03}
  Expenses:Financial:Commissions                      8.95 USD

2021-12-17 * "Dividends on portfolio"
  Assets:US:ETrade:Cash                             168.41 USD
  Income:US:ETrade:VEA:Dividend                    -168.41 USD

2022-02-13 * "Sell shares of VEA"
  Assets:US:ETrade:VEA                                 -28 VEA {145.48 USD, 2021-10-09} @ 152.16 USD
  Assets:US:ETrade:Cash                            4251.53 USD
  Expenses:Financial:Commissions                      8.95 USD
  Income:US:ETrade:PnL                             -187.04 USD

2022-02-28 * "Buy shares of ITOT"
  Assets:US:ETrade:Cash                           -2179.66 USD
  Assets:US:ETrade:ITOT                                  9 ITOT {241.19 USD, 2022-02-28}
  Expenses:Financial:Commissions                      8.95 USD

2022-02-28 * "Buy shares of GLD"
  Assets:US:ETrade:Cash                           -2176.17 USD
  Assets:US:ETrade:GLD                                  11 GLD {197.02 USD, 2022-02-28}
  Expenses:Financial:Commissions                      8.95 USD

2022-03-15 * "Sell shares of VHT"
  Assets:US:ETrade:VHT                                 -16 VHT {94.96 USD, 2021-12-03} @ 94.77 USD
  Assets:US:ETrade:Cash                            1507.37 USD
  Expenses:Financial:Commissions                      8.95 USD
  Income:US:ETrade:PnL                                3.04 USD

2022-03-18 * "Dividends on portfolio"
  Assets:US:ETrade:Cash                             185.76 USD
  Income:US:ETrade:GLD:Dividend                    -185.76 USD

2022-03-19 * "Buy shares of GLD"
  Assets:US:ETrade:Cash                            -600.82 USD
  Assets:US:ETrade:GLD                                   3 GLD {197.29 USD, 2022-03-19}
  Expenses:Financial:Commissions                      8.95 USD

2022-03-19 * "Buy shares of VEA"
  Assets:US:ETrade:Cash                            -480.55 USD
  Assets:US:ETrade:VEA                                   3 VEA {157.20 USD, 2022-03-19}
  Expenses:Financial:Commissions                      8.95 USD

2022-03-19 * "Buy shares of VHT"
  Assets:US:ETrade:Cash                            -575.89 USD
  Assets:US:ETrade:VHT                                   6 VHT {94.49 USD, 2022-03-19}
  Expenses:Financial:Commissions                      8.95 USD

2022-04-03 * "Sell shares of VEA"
  Assets:US:ETrade:VEA                                 -17 VEA {146.00 USD, 2021-09-30} @ 159.27 USD
  Assets:US:ETrade:Cash                            2698.64 USD
  Expenses:Financial:Commissions                      8.95 USD
  Income:US:ETrade:PnL                             -225.59 USD

2022-04-12 * "Buy shares of GLD"
  Assets:US:ETrade:Cash                           -1399.08 USD
  Assets:US:ETrade:GLD                                   7 GLD {198.59 USD, 2022-04-12}
  Expenses:Financial:Commissions                      8.95 USD

2022-04-12 * "Buy shares of VEA"
  Assets:US:ETrade:Cash                           -1281.19 USD
  Assets:US:ETrade:VEA                                   8 VEA {159.03 USD, 2022-04-12}
  Expenses:Financial:Commissions                      8.95 USD

2022-04-14 * "Sell shares of VHT"
  Assets:US:ETrade:VHT                                 -27 VHT {93.02 USD, 2021-09-30} @ 91.79 USD
  Assets:US:ETrade:Cash                            2469.38 USD
  Expenses:Financial:Commissions                      8.95 USD
  Income:US:ETrade:PnL                               33.21 USD

2022-04-15 * "Buy shares of VHT"
  Assets:US:ETrade:Cash                           -2539.93 USD
  Assets:US:ETrade:VHT                                  27 VHT {93.74 USD, 2022-04-15}
  Expenses:Financial:Commissions                      8.95 USD

2022-05-01 * "Sell shares of VHT"
  Assets:US:ETrade:VHT                                 -27 VHT {93.74 USD, 2022-04-15} @ 92.12 USD
  Assets:US:ETrade:Cash                            2478.29 USD
  Expenses:Financial:Commissions                      8.95 USD
  Income:US:ETrade:PnL                               43.74 USD

2022-05-22 * "Sell shares of GLD"
  Assets:US:ETrade:GLD                                 -13 GLD {190.04 USD, 2021-09-30} @ 205.92 USD
  Assets:US:ETrade:Cash                            2668.01 USD
  Expenses:Financial:Commissions                      8.95 USD
  Income:US:ETrade:PnL                             -206.44 USD

2022-05-28 * "Buy shares of ITOT"
  Assets:US:ETrade:Cash                           -1642.89 USD
  Assets:US:ETrade:ITOT                                  7 ITOT {233.42 USD, 2022-05-28}
  Expenses:Financial:Commissions                      8.95 USD

2022-05-28 * "Buy shares of VHT"
  Assets:US:ETrade:Cash                           -1688.55 USD
  Assets:US:ETrade:VHT                                  19 VHT {88.40 USD, 2022-05-28}
  Expenses:Financial:Commissions                      8.95 USD

2022-05-28 * "Buy shares of GLD"
  Assets:US:ETrade:Cash                           -1674.07 USD
  Assets:US:ETrade:GLD                                   8 GLD {208.14 USD, 2022-05-28}
  Expenses:Financial:Commissions                      8.95 USD

2022-06-18 * "Dividends on portfolio"
  Assets:US:ETrade:Cash                             232.97 USD
  Income:US:ETrade:VEA:Dividend                    -232.97 USD

2022-09-18 * "Dividends on portfolio"
  Assets:US:ETrade:Cash                             232.97 USD
  Income:US:ETrade:VHT:Dividend                    -232.97 USD

2022-09-28 * "Buy shares of VHT"
  Assets:US:ETrade:Cash                            -826.60 USD
  Assets:US:ETrade:VHT                                   9 VHT {90.85 USD, 2022-09-28}
  Expenses:Financial:Commissions                      8.95 USD

2022-09-28 * "Buy shares of ITOT"
  Assets:US:ETrade:Cash                            -734.65 USD
  Assets:US:ETrade:ITOT                                  3 ITOT {241.90 USD, 2022-09-28}
  Expenses:Financial:Commissions                      8.95 USD

2022-09-28 * "Buy shares of GLD"
  Assets:US:ETrade:Cash                            -838.71 USD
  Assets:US:ETrade:GLD                                   4 GLD {207.44 USD, 2022-09-28}
  Expenses:Financial:Commissions                      8.95 USD

2022-09-28 * "Buy shares of VEA"
  Assets:US:ETrade:Cash                            -799.05 USD
  Assets:US:ETrade:VEA                                   5 VEA {158.02 USD, 2022-09-28}
  Expenses:Financial:Commissions                      8.95 USD

2022-11-01 * "Buy shares of ITOT"
  Assets:US:ETrade:Cash                           -1204.55 USD
  Assets:US:ETrade:ITOT                                  5 ITOT {239.12 USD, 2022-11-01}
  Expenses:Financial:Commissions                      8.95 USD

2022-11-01 * "Buy shares of VEA"
  Assets:US:ETrade:Cash                           -1128.18 USD
  Assets:US:ETrade:VEA                                   7 VEA {159.89 USD, 2022-11-01}
  Expenses:Financial:Commissions                      8.95 USD

2022-11-01 * "Buy shares of VHT"
  Assets:US:ETrade:Cash                           -1156.51 USD
  Assets:US:ETrade:VHT                                  12 VHT {95.63 USD, 2022-11-01}
  Expenses:Financial:Commissions                      8.95 USD

2022-11-01 * "Buy shares of GLD"
  Assets:US:ETrade:Cash                           -1046.30 USD
  Assets:US:ETrade:GLD                                   5 GLD {207.47 USD, 2022-11-01}
  Expenses:Financial:Commissions                      8.95 USD



* Vanguard Investments

2020-01-01 open Assets:US:Vanguard:VBMPX                     VBMPX
  number: "882882"
2020-01-01 open Assets:US:Vanguard:RGAGX                     RGAGX
  number: "882882"
2020-01-01 open Assets:US:Vanguard                            USD
  address: "P.O. Box 1110, Valley Forge, PA 19482-1110"
  institution: "Vanguard Group"
  phone: "+1.800.523.1188"
2020-01-01 open Income:US:Hooli:Match401k                   USD
2020-01-01 open Assets:US:Vanguard:Cash                       USD
  number: "882882"

2020-01-03 * "Employer match for contribution"
  Assets:US:Vanguard:Cash                           600.00 USD
  Income:US:Hooli:Match401k                        -600.00 USD

2020-01-06 * "Investing 40% of cash in VBMPX"
  Assets:US:Vanguard:VBMPX                           5.379 VBMPX {89.24 USD, 2020-01-06}
  Assets:US:Vanguard:Cash                          -480.02 USD

2020-01-06 * "Investing 60% of cash in RGAGX"
  Assets:US:Vanguard:RGAGX                           9.916 RGAGX {72.61 USD, 2020-01-06}
  Assets:US:Vanguard:Cash                          -720.00 USD

2020-01-06 * "Investing 40% of cash in VBMPX"
  Assets:US:Vanguard:VBMPX                           2.689 VBMPX {89.24 USD, 2020-01-06}
  Assets:US:Vanguard:Cash                          -239.97 USD

2020-01-06 * "Investing 60% of cash in RGAGX"
  Assets:US:Vanguard:RGAGX                           4.958 RGAGX {72.61 USD, 2020-01-06}
  Assets:US:Vanguard:Cash                          -360.00 USD

2020-01-17 * "Employer match for contribution"
  Assets:US:Vanguard:Cash                           600.00 USD
  Income:US:Hooli:Match401k                        -600.00 USD

2020-01-20 * "Investing 40% of cash in VBMPX"
  Assets:US:Vanguard:VBMPX                           5.278 VBMPX {90.94 USD, 2020-01-20}
  Assets:US:Vanguard:Cash                          -479.98 USD

2020-01-20 * "Investing 60% of cash in RGAGX"
  Assets:US:Vanguard:RGAGX                           9.470 RGAGX {76.03 USD, 2020-01-20}
  Assets:US:Vanguard:Cash                          -720.00 USD

2020-01-20 * "Investing 40% of cash in VBMPX"
  Assets:US:Vanguard:VBMPX                           2.639 VBMPX {90.94 USD, 2020-01-20}
  Assets:US:Vanguard:Cash                          -239.99 USD

2020-01-20 * "Investing 60% of cash in RGAGX"
  Assets:US:Vanguard:RGAGX                           4.735 RGAGX {76.03 USD, 2020-01-20}
  Assets:US:Vanguard:Cash                          -360.00 USD

2020-01-31 * "Employer match for contribution"
  Assets:US:Vanguard:Cash                           600.00 USD
  Income:US:Hooli:Match401k                        -600.00 USD

2020-02-03 * "Investing 40% of cash in VBMPX"
  Assets:US:Vanguard:VBMPX                           5.292 VBMPX {90.70 USD, 2020-02-03}
  Assets:US:Vanguard:Cash                          -479.98 USD

2020-02-03 * "Investing 60% of cash in RGAGX"
  Assets:US:Vanguard:RGAGX                           9.657 RGAGX {74.56 USD, 2020-02-03}
  Assets:US:Vanguard:Cash                          -720.03 USD

2020-02-03 * "Investing 40% of cash in VBMPX"
  Assets:US:Vanguard:VBMPX                           2.646 VBMPX {90.70 USD, 2020-02-03}
  Assets:US:Vanguard:Cash                          -239.99 USD

2020-02-03 * "Investing 60% of cash in RGAGX"
  Assets:US:Vanguard:RGAGX                           4.829 RGAGX {74.56 USD, 2020-02-03}
  Assets:US:Vanguard:Cash                          -360.05 USD

2020-02-14 * "Employer match for contribution"
  Assets:US:Vanguard:Cash                           600.00 USD
  Income:US:Hooli:Match401k                        -600.00 USD

2020-02-17 * "Investing 40% of cash in VBMPX"
  Assets:US:Vanguard:VBMPX                           5.364 VBMPX {89.48 USD, 2020-02-17}
  Assets:US:Vanguard:Cash                          -479.97 USD

2020-02-17 * "Investing 60% of cash in RGAGX"
  Assets:US:Vanguard:RGAGX                          10.071 RGAGX {71.49 USD, 2020-02-17}
  Assets:US:Vanguard:Cash                          -719.98 USD

2020-02-17 * "Investing 40% of cash in VBMPX"
  Assets:US:Vanguard:VBMPX                           2.682 VBMPX {89.48 USD, 2020-02-17}
  Assets:US:Vanguard:Cash                          -239.99 USD

2020-02-17 * "Investing 60% of cash in RGAGX"
  Assets:US:Vanguard:RGAGX                           5.036 RGAGX {71.49 USD, 2020-02-17}
  Assets:US:Vanguard:Cash                          -360.02 USD

2020-02-28 * "Employer match for contribution"
  Assets:US:Vanguard:Cash                           600.00 USD
  Income:US:Hooli:Match401k                        -600.00 USD

2020-03-02 * "Investing 40% of cash in VBMPX"
  Assets:US:Vanguard:VBMPX                           5.292 VBMPX {90.70 USD, 2020-03-02}
  Assets:US:Vanguard:Cash                          -479.98 USD

2020-03-02 * "Investing 60% of cash in RGAGX"
  Assets:US:Vanguard:RGAGX                           9.783 RGAGX {73.60 USD, 2020-03-02}
  Assets:US:Vanguard:Cash                          -720.03 USD

2020-03-02 * "Investing 40% of cash in VBMPX"
  Assets:US:Vanguard:VBMPX                           2.646 VBMPX {90.70 USD, 2020-03-02}
  Assets:US:Vanguard:Cash                          -239.99 USD

2020-03-02 * "Investing 60% of cash in RGAGX"
  Assets:US:Vanguard:RGAGX                           4.891 RGAGX {73.60 USD, 2020-03-02}
  Assets:US:Vanguard:Cash                          -359.98 USD

2020-03-13 * "Employer match for contribution"
  Assets:US:Vanguard:Cash                           600.00 USD
  Income:US:Hooli:Match401k                        -600.00 USD

2020-03-16 * "Investing 40% of cash in VBMPX"
  Assets:US:Vanguard:VBMPX                           5.271 VBMPX {91.06 USD, 2020-03-16}
  Assets:US:Vanguard:Cash                          -479.98 USD

2020-03-16 * "Investing 60% of cash in RGAGX"
  Assets:US:Vanguard:RGAGX                           9.724 RGAGX {74.05 USD, 2020-03-16}
  Assets:US:Vanguard:Cash                          -720.06 USD

2020-03-16 * "Investing 40% of cash in VBMPX"
  Assets:US:Vanguard:VBMPX                           2.636 VBMPX {91.06 USD, 2020-03-16}
  Assets:US:Vanguard:Cash                          -240.03 USD

2020-03-16 * "Investing 60% of cash in RGAGX"
  Assets:US:Vanguard:RGAGX                           4.862 RGAGX {74.05 USD, 2020-03-16}
  Assets:US:Vanguard:Cash                          -360.03 USD

2020-03-27 * "Employer match for contribution"
  Assets:US:Vanguard:Cash                           600.00 USD
  Income:US:Hooli:Match401k                        -600.00 USD

2020-03-30 * "Investing 40% of cash in VBMPX"
  Assets:US:Vanguard:VBMPX                           5.277 VBMPX {90.95 USD, 2020-03-30}
  Assets:US:Vanguard:Cash                          -479.94 USD

2020-03-30 * "Investing 60% of cash in RGAGX"
  Assets:US:Vanguard:RGAGX                          10.094 RGAGX {71.33 USD, 2020-03-30}
  Assets:US:Vanguard:Cash                          -720.01 USD

2020-03-30 * "Investing 40% of cash in VBMPX"
  Assets:US:Vanguard:VBMPX                           2.639 VBMPX {90.95 USD, 2020-03-30}
  Assets:US:Vanguard:Cash                          -240.02 USD

2020-03-30 * "Investing 60% of cash in RGAGX"
  Assets:US:Vanguard:RGAGX                           5.047 RGAGX {71.33 USD, 2020-03-30}
  Assets:US:Vanguard:Cash                          -360.00 USD

2020-04-10 * "Employer match for contribution"
  Assets:US:Vanguard:Cash                           600.00 USD
  Income:US:Hooli:Match401k                        -600.00 USD

2020-04-13 * "Investing 40% of cash in VBMPX"
  Assets:US:Vanguard:VBMPX                           5.246 VBMPX {91.50 USD, 2020-04-13}
  Assets:US:Vanguard:Cash                          -480.01 USD

2020-04-13 * "Investing 60% of cash in RGAGX"
  Assets:US:Vanguard:RGAGX                           9.841 RGAGX {73.16 USD, 2020-04-13}
  Assets:US:Vanguard:Cash                          -719.97 USD

2020-04-13 * "Investing 40% of cash in VBMPX"
  Assets:US:Vanguard:VBMPX                           2.623 VBMPX {91.50 USD, 2020-04-13}
  Assets:US:Vanguard:Cash                          -240.00 USD

2020-04-13 * "Investing 60% of cash in RGAGX"
  Assets:US:Vanguard:RGAGX                           4.921 RGAGX {73.16 USD, 2020-04-13}
  Assets:US:Vanguard:Cash                          -360.02 USD

2020-04-24 * "Employer match for contribution"
  Assets:US:Vanguard:Cash                           600.00 USD
  Income:US:Hooli:Match401k                        -600.00 USD

2020-04-27 * "Investing 40% of cash in VBMPX"
  Assets:US:Vanguard:VBMPX                           5.217 VBMPX {92.00 USD, 2020-04-27}
  Assets:US:Vanguard:Cash                          -479.96 USD

2020-04-27 * "Investing 60% of cash in RGAGX"
  Assets:US:Vanguard:RGAGX                           9.942 RGAGX {72.42 USD, 2020-04-27}
  Assets:US:Vanguard:Cash                          -720.00 USD

2020-04-27 * "Investing 40% of cash in VBMPX"
  Assets:US:Vanguard:VBMPX                           2.609 VBMPX {92.00 USD, 2020-04-27}
  Assets:US:Vanguard:Cash                          -240.03 USD

2020-04-27 * "Investing 60% of cash in RGAGX"
  Assets:US:Vanguard:RGAGX                           4.971 RGAGX {72.42 USD, 2020-04-27}
  Assets:US:Vanguard:Cash                          -360.00 USD

2020-05-08 * "Employer match for contribution"
  Assets:US:Vanguard:Cash                           600.00 USD
  Income:US:Hooli:Match401k                        -600.00 USD

2020-05-11 * "Investing 40% of cash in VBMPX"
  Assets:US:Vanguard:VBMPX                           5.151 VBMPX {93.19 USD, 2020-05-11}
  Assets:US:Vanguard:Cash                          -480.02 USD

2020-05-11 * "Investing 60% of cash in RGAGX"
  Assets:US:Vanguard:RGAGX                           9.564 RGAGX {75.28 USD, 2020-05-11}
  Assets:US:Vanguard:Cash                          -719.98 USD

2020-05-11 * "Investing 40% of cash in VBMPX"
  Assets:US:Vanguard:VBMPX                           2.575 VBMPX {93.19 USD, 2020-05-11}
  Assets:US:Vanguard:Cash                          -239.96 USD

2020-05-11 * "Investing 60% of cash in RGAGX"
  Assets:US:Vanguard:RGAGX                           4.782 RGAGX {75.28 USD, 2020-05-11}
  Assets:US:Vanguard:Cash                          -359.99 USD

2020-05-22 * "Employer match for contribution"
  Assets:US:Vanguard:Cash                           600.00 USD
  Income:US:Hooli:Match401k                        -600.00 USD

2020-05-25 * "Investing 40% of cash in VBMPX"
  Assets:US:Vanguard:VBMPX                           5.020 VBMPX {95.62 USD, 2020-05-25}
  Assets:US:Vanguard:Cash                          -480.01 USD

2020-05-25 * "Investing 60% of cash in RGAGX"
  Assets:US:Vanguard:RGAGX                           9.881 RGAGX {72.87 USD, 2020-05-25}
  Assets:US:Vanguard:Cash                          -720.03 USD

2020-05-25 * "Investing 40% of cash in VBMPX"
  Assets:US:Vanguard:VBMPX                           2.510 VBMPX {95.62 USD, 2020-05-25}
  Assets:US:Vanguard:Cash                          -240.01 USD

2020-05-25 * "Investing 60% of cash in RGAGX"
  Assets:US:Vanguard:RGAGX                           4.940 RGAGX {72.87 USD, 2020-05-25}
  Assets:US:Vanguard:Cash                          -359.98 USD

2020-06-05 * "Employer match for contribution"
  Assets:US:Vanguard:Cash                           600.00 USD
  Income:US:Hooli:Match401k                        -600.00 USD

2020-06-08 * "Investing 40% of cash in VBMPX"
  Assets:US:Vanguard:VBMPX                           4.984 VBMPX {96.30 USD, 2020-06-08}
  Assets:US:Vanguard:Cash                          -479.96 USD

2020-06-08 * "Investing 60% of cash in RGAGX"
  Assets:US:Vanguard:RGAGX                          10.014 RGAGX {71.90 USD, 2020-06-08}
  Assets:US:Vanguard:Cash                          -720.01 USD

2020-06-08 * "Investing 40% of cash in VBMPX"
  Assets:US:Vanguard:VBMPX                           2.492 VBMPX {96.30 USD, 2020-06-08}
  Assets:US:Vanguard:Cash                          -239.98 USD

2020-06-08 * "Investing 60% of cash in RGAGX"
  Assets:US:Vanguard:RGAGX                           5.007 RGAGX {71.90 USD, 2020-06-08}
  Assets:US:Vanguard:Cash                          -360.00 USD

2020-06-19 * "Employer match for contribution"
  Assets:US:Vanguard:Cash                           600.00 USD
  Income:US:Hooli:Match401k                        -600.00 USD

2020-06-22 * "Investing 40% of cash in VBMPX"
  Assets:US:Vanguard:VBMPX                           5.040 VBMPX {95.24 USD, 2020-06-22}
  Assets:US:Vanguard:Cash                          -480.01 USD

2020-06-22 * "Investing 60% of cash in RGAGX"
  Assets:US:Vanguard:RGAGX                           9.542 RGAGX {75.46 USD, 2020-06-22}
  Assets:US:Vanguard:Cash                          -720.04 USD

2020-06-22 * "Investing 40% of cash in VBMPX"
  Assets:US:Vanguard:VBMPX                           2.520 VBMPX {95.24 USD, 2020-06-22}
  Assets:US:Vanguard:Cash                          -240.00 USD

2020-06-22 * "Investing 60% of cash in RGAGX"
  Assets:US:Vanguard:RGAGX                           4.771 RGAGX {75.46 USD, 2020-06-22}
  Assets:US:Vanguard:Cash                          -360.02 USD

2020-07-03 * "Employer match for contribution"
  Assets:US:Vanguard:Cash                           600.00 USD
  Income:US:Hooli:Match401k                        -600.00 USD

2020-07-06 * "Investing 40% of cash in VBMPX"
  Assets:US:Vanguard:VBMPX                           4.980 VBMPX {96.38 USD, 2020-07-06}
  Assets:US:Vanguard:Cash                          -479.97 USD

2020-07-06 * "Investing 60% of cash in RGAGX"
  Assets:US:Vanguard:RGAGX                           9.347 RGAGX {77.03 USD, 2020-07-06}
  Assets:US:Vanguard:Cash                          -720.00 USD

2020-07-06 * "Investing 40% of cash in VBMPX"
  Assets:US:Vanguard:VBMPX                           2.490 VBMPX {96.38 USD, 2020-07-06}
  Assets:US:Vanguard:Cash                          -239.99 USD

2020-07-06 * "Investing 60% of cash in RGAGX"
  Assets:US:Vanguard:RGAGX                           4.674 RGAGX {77.03 USD, 2020-07-06}
  Assets:US:Vanguard:Cash                          -360.04 USD

2020-07-17 * "Employer match for contribution"
  Assets:US:Vanguard:Cash                           600.00 USD
  Income:US:Hooli:Match401k                        -600.00 USD

2020-07-20 * "Investing 40% of cash in VBMPX"
  Assets:US:Vanguard:VBMPX                           5.048 VBMPX {95.09 USD, 2020-07-20}
  Assets:US:Vanguard:Cash                          -480.01 USD

2020-07-20 * "Investing 60% of cash in RGAGX"
  Assets:US:Vanguard:RGAGX                           9.380 RGAGX {76.76 USD, 2020-07-20}
  Assets:US:Vanguard:Cash                          -720.01 USD

2020-07-20 * "Investing 40% of cash in VBMPX"
  Assets:US:Vanguard:VBMPX                           2.524 VBMPX {95.09 USD, 2020-07-20}
  Assets:US:Vanguard:Cash                          -240.01 USD

2020-07-20 * "Investing 60% of cash in RGAGX"
  Assets:US:Vanguard:RGAGX                           4.690 RGAGX {76.76 USD, 2020-07-20}
  Assets:US:Vanguard:Cash                          -360.00 USD

2020-07-31 * "Employer match for contribution"
  Assets:US:Vanguard:Cash                           250.00 USD
  Income:US:Hooli:Match401k                        -250.00 USD

2020-08-03 * "Investing 40% of cash in VBMPX"
  Assets:US:Vanguard:VBMPX                           2.072 VBMPX {96.51 USD, 2020-08-03}
  Assets:US:Vanguard:Cash                          -199.97 USD

2020-08-03 * "Investing 60% of cash in RGAGX"
  Assets:US:Vanguard:RGAGX                           4.013 RGAGX {74.76 USD, 2020-08-03}
  Assets:US:Vanguard:Cash                          -300.01 USD

2020-08-03 * "Investing 40% of cash in VBMPX"
  Assets:US:Vanguard:VBMPX                           1.036 VBMPX {96.51 USD, 2020-08-03}
  Assets:US:Vanguard:Cash                           -99.98 USD

2020-08-03 * "Investing 60% of cash in RGAGX"
  Assets:US:Vanguard:RGAGX                           2.006 RGAGX {74.76 USD, 2020-08-03}
  Assets:US:Vanguard:Cash                          -149.97 USD

2021-01-15 * "Employer match for contribution"
  Assets:US:Vanguard:Cash                           600.00 USD
  Income:US:Hooli:Match401k                        -600.00 USD

2021-01-18 * "Investing 40% of cash in VBMPX"
  Assets:US:Vanguard:VBMPX                           4.897 VBMPX {98.02 USD, 2021-01-18}
  Assets:US:Vanguard:Cash                          -480.00 USD

2021-01-18 * "Investing 60% of cash in RGAGX"
  Assets:US:Vanguard:RGAGX                           9.200 RGAGX {78.26 USD, 2021-01-18}
  Assets:US:Vanguard:Cash                          -719.99 USD

2021-01-18 * "Investing 40% of cash in VBMPX"
  Assets:US:Vanguard:VBMPX                           2.449 VBMPX {98.02 USD, 2021-01-18}
  Assets:US:Vanguard:Cash                          -240.05 USD

2021-01-18 * "Investing 60% of cash in RGAGX"
  Assets:US:Vanguard:RGAGX                           4.600 RGAGX {78.26 USD, 2021-01-18}
  Assets:US:Vanguard:Cash                          -360.00 USD

2021-01-29 * "Employer match for contribution"
  Assets:US:Vanguard:Cash                           600.00 USD
  Income:US:Hooli:Match401k                        -600.00 USD

2021-02-01 * "Investing 40% of cash in VBMPX"
  Assets:US:Vanguard:VBMPX                           4.863 VBMPX {98.71 USD, 2021-02-01}
  Assets:US:Vanguard:Cash                          -480.03 USD

2021-02-01 * "Investing 60% of cash in RGAGX"
  Assets:US:Vanguard:RGAGX                           9.008 RGAGX {79.93 USD, 2021-02-01}
  Assets:US:Vanguard:Cash                          -720.01 USD

2021-02-01 * "Investing 40% of cash in VBMPX"
  Assets:US:Vanguard:VBMPX                           2.431 VBMPX {98.71 USD, 2021-02-01}
  Assets:US:Vanguard:Cash                          -239.96 USD

2021-02-01 * "Investing 60% of cash in RGAGX"
  Assets:US:Vanguard:RGAGX                           4.504 RGAGX {79.93 USD, 2021-02-01}
  Assets:US:Vanguard:Cash                          -360.00 USD

2021-02-12 * "Employer match for contribution"
  Assets:US:Vanguard:Cash                           600.00 USD
  Income:US:Hooli:Match401k                        -600.00 USD

2021-02-15 * "Investing 40% of cash in VBMPX"
  Assets:US:Vanguard:VBMPX                           4.802 VBMPX {99.95 USD, 2021-02-15}
  Assets:US:Vanguard:Cash                          -479.96 USD

2021-02-15 * "Investing 60% of cash in RGAGX"
  Assets:US:Vanguard:RGAGX                           9.342 RGAGX {77.07 USD, 2021-02-15}
  Assets:US:Vanguard:Cash                          -719.99 USD

2021-02-15 * "Investing 40% of cash in VBMPX"
  Assets:US:Vanguard:VBMPX                           2.401 VBMPX {99.95 USD, 2021-02-15}
  Assets:US:Vanguard:Cash                          -239.98 USD

2021-02-15 * "Investing 60% of cash in RGAGX"
  Assets:US:Vanguard:RGAGX                           4.671 RGAGX {77.07 USD, 2021-02-15}
  Assets:US:Vanguard:Cash                          -359.99 USD

2021-02-26 * "Employer match for contribution"
  Assets:US:Vanguard:Cash                           600.00 USD
  Income:US:Hooli:Match401k                        -600.00 USD

2021-03-01 * "Investing 40% of cash in VBMPX"
  Assets:US:Vanguard:VBMPX                           4.722 VBMPX {101.65 USD, 2021-03-01}
  Assets:US:Vanguard:Cash                          -479.99 USD

2021-03-01 * "Investing 60% of cash in RGAGX"
  Assets:US:Vanguard:RGAGX                           9.025 RGAGX {79.78 USD, 2021-03-01}
  Assets:US:Vanguard:Cash                          -720.01 USD

2021-03-01 * "Investing 40% of cash in VBMPX"
  Assets:US:Vanguard:VBMPX                           2.361 VBMPX {101.65 USD, 2021-03-01}
  Assets:US:Vanguard:Cash                          -240.00 USD

2021-03-01 * "Investing 60% of cash in RGAGX"
  Assets:US:Vanguard:RGAGX                           4.513 RGAGX {79.78 USD, 2021-03-01}
  Assets:US:Vanguard:Cash                          -360.05 USD

2021-03-12 * "Employer match for contribution"
  Assets:US:Vanguard:Cash                           600.00 USD
  Income:US:Hooli:Match401k                        -600.00 USD

2021-03-15 * "Investing 40% of cash in VBMPX"
  Assets:US:Vanguard:VBMPX                           4.669 VBMPX {102.80 USD, 2021-03-15}
  Assets:US:Vanguard:Cash                          -479.97 USD

2021-03-15 * "Investing 60% of cash in RGAGX"
  Assets:US:Vanguard:RGAGX                           8.934 RGAGX {80.59 USD, 2021-03-15}
  Assets:US:Vanguard:Cash                          -719.99 USD

2021-03-15 * "Investing 40% of cash in VBMPX"
  Assets:US:Vanguard:VBMPX                           2.335 VBMPX {102.80 USD, 2021-03-15}
  Assets:US:Vanguard:Cash                          -240.04 USD

2021-03-15 * "Investing 60% of cash in RGAGX"
  Assets:US:Vanguard:RGAGX                           4.468 RGAGX {80.59 USD, 2021-03-15}
  Assets:US:Vanguard:Cash                          -360.08 USD

2021-03-26 * "Employer match for contribution"
  Assets:US:Vanguard:Cash                           600.00 USD
  Income:US:Hooli:Match401k                        -600.00 USD

2021-03-29 * "Investing 40% of cash in VBMPX"
  Assets:US:Vanguard:VBMPX                           4.779 VBMPX {100.43 USD, 2021-03-29}
  Assets:US:Vanguard:Cash                          -479.95 USD

2021-03-29 * "Investing 60% of cash in RGAGX"
  Assets:US:Vanguard:RGAGX                           8.875 RGAGX {81.12 USD, 2021-03-29}
  Assets:US:Vanguard:Cash                          -719.94 USD

2021-03-29 * "Investing 40% of cash in VBMPX"
  Assets:US:Vanguard:VBMPX                           2.390 VBMPX {100.43 USD, 2021-03-29}
  Assets:US:Vanguard:Cash                          -240.03 USD

2021-03-29 * "Investing 60% of cash in RGAGX"
  Assets:US:Vanguard:RGAGX                           4.438 RGAGX {81.12 USD, 2021-03-29}
  Assets:US:Vanguard:Cash                          -360.01 USD

2021-04-09 * "Employer match for contribution"
  Assets:US:Vanguard:Cash                           600.00 USD
  Income:US:Hooli:Match401k                        -600.00 USD

2021-04-12 * "Investing 40% of cash in VBMPX"
  Assets:US:Vanguard:VBMPX                           4.685 VBMPX {102.46 USD, 2021-04-12}
  Assets:US:Vanguard:Cash                          -480.03 USD

2021-04-12 * "Investing 60% of cash in RGAGX"
  Assets:US:Vanguard:RGAGX                           8.977 RGAGX {80.21 USD, 2021-04-12}
  Assets:US:Vanguard:Cash                          -720.05 USD

2021-04-12 * "Investing 40% of cash in VBMPX"
  Assets:US:Vanguard:VBMPX                           2.342 VBMPX {102.46 USD, 2021-04-12}
  Assets:US:Vanguard:Cash                          -239.96 USD

2021-04-12 * "Investing 60% of cash in RGAGX"
  Assets:US:Vanguard:RGAGX                           4.488 RGAGX {80.21 USD, 2021-04-12}
  Assets:US:Vanguard:Cash                          -359.98 USD

2021-04-23 * "Employer match for contribution"
  Assets:US:Vanguard:Cash                           600.00 USD
  Income:US:Hooli:Match401k                        -600.00 USD

2021-04-26 * "Investing 40% of cash in VBMPX"
  Assets:US:Vanguard:VBMPX                           4.588 VBMPX {104.62 USD, 2021-04-26}
  Assets:US:Vanguard:Cash                          -480.00 USD

2021-04-26 * "Investing 60% of cash in RGAGX"
  Assets:US:Vanguard:RGAGX                           8.675 RGAGX {83.00 USD, 2021-04-26}
  Assets:US:Vanguard:Cash                          -720.02 USD

2021-04-26 * "Investing 40% of cash in VBMPX"
  Assets:US:Vanguard:VBMPX                           2.294 VBMPX {104.62 USD, 2021-04-26}
  Assets:US:Vanguard:Cash                          -240.00 USD

2021-04-26 * "Investing 60% of cash in RGAGX"
  Assets:US:Vanguard:RGAGX                           4.337 RGAGX {83.00 USD, 2021-04-26}
  Assets:US:Vanguard:Cash                          -359.97 USD

2021-05-07 * "Employer match for contribution"
  Assets:US:Vanguard:Cash                           600.00 USD
  Income:US:Hooli:Match401k                        -600.00 USD

2021-05-10 * "Investing 40% of cash in VBMPX"
  Assets:US:Vanguard:VBMPX                           4.535 VBMPX {105.85 USD, 2021-05-10}
  Assets:US:Vanguard:Cash                          -480.03 USD

2021-05-10 * "Investing 60% of cash in RGAGX"
  Assets:US:Vanguard:RGAGX                           8.595 RGAGX {83.77 USD, 2021-05-10}
  Assets:US:Vanguard:Cash                          -720.00 USD

2021-05-10 * "Investing 40% of cash in VBMPX"
  Assets:US:Vanguard:VBMPX                           2.267 VBMPX {105.85 USD, 2021-05-10}
  Assets:US:Vanguard:Cash                          -239.96 USD

2021-05-10 * "Investing 60% of cash in RGAGX"
  Assets:US:Vanguard:RGAGX                           4.297 RGAGX {83.77 USD, 2021-05-10}
  Assets:US:Vanguard:Cash                          -359.96 USD

2021-05-21 * "Employer match for contribution"
  Assets:US:Vanguard:Cash                           600.00 USD
  Income:US:Hooli:Match401k                        -600.00 USD

2021-05-24 * "Investing 40% of cash in VBMPX"
  Assets:US:Vanguard:VBMPX                           4.473 VBMPX {107.31 USD, 2021-05-24}
  Assets:US:Vanguard:Cash                          -480.00 USD

2021-05-24 * "Investing 60% of cash in RGAGX"
  Assets:US:Vanguard:RGAGX                           8.288 RGAGX {86.88 USD, 2021-05-24}
  Assets:US:Vanguard:Cash                          -720.06 USD

2021-05-24 * "Investing 40% of cash in VBMPX"
  Assets:US:Vanguard:VBMPX                           2.236 VBMPX {107.31 USD, 2021-05-24}
  Assets:US:Vanguard:Cash                          -239.95 USD

2021-05-24 * "Investing 60% of cash in RGAGX"
  Assets:US:Vanguard:RGAGX                           4.144 RGAGX {86.88 USD, 2021-05-24}
  Assets:US:Vanguard:Cash                          -360.03 USD

2021-06-04 * "Employer match for contribution"
  Assets:US:Vanguard:Cash                           600.00 USD
  Income:US:Hooli:Match401k                        -600.00 USD

2021-06-07 * "Investing 40% of cash in VBMPX"
  Assets:US:Vanguard:VBMPX                           4.449 VBMPX {107.89 USD, 2021-06-07}
  Assets:US:Vanguard:Cash                          -480.00 USD

2021-06-07 * "Investing 60% of cash in RGAGX"
  Assets:US:Vanguard:RGAGX                           8.188 RGAGX {87.93 USD, 2021-06-07}
  Assets:US:Vanguard:Cash                          -719.97 USD

2021-06-07 * "Investing 40% of cash in VBMPX"
  Assets:US:Vanguard:VBMPX                           2.225 VBMPX {107.89 USD, 2021-06-07}
  Assets:US:Vanguard:Cash                          -240.06 USD

2021-06-07 * "Investing 60% of cash in RGAGX"
  Assets:US:Vanguard:RGAGX                           4.094 RGAGX {87.93 USD, 2021-06-07}
  Assets:US:Vanguard:Cash                          -359.99 USD

2021-06-18 * "Employer match for contribution"
  Assets:US:Vanguard:Cash                           600.00 USD
  Income:US:Hooli:Match401k                        -600.00 USD

2021-06-21 * "Investing 40% of cash in VBMPX"
  Assets:US:Vanguard:VBMPX                           4.468 VBMPX {107.42 USD, 2021-06-21}
  Assets:US:Vanguard:Cash                          -479.95 USD

2021-06-21 * "Investing 60% of cash in RGAGX"
  Assets:US:Vanguard:RGAGX                           8.183 RGAGX {87.99 USD, 2021-06-21}
  Assets:US:Vanguard:Cash                          -720.02 USD

2021-06-21 * "Investing 40% of cash in VBMPX"
  Assets:US:Vanguard:VBMPX                           2.234 VBMPX {107.42 USD, 2021-06-21}
  Assets:US:Vanguard:Cash                          -239.98 USD

2021-06-21 * "Investing 60% of cash in RGAGX"
  Assets:US:Vanguard:RGAGX                           4.092 RGAGX {87.99 USD, 2021-06-21}
  Assets:US:Vanguard:Cash                          -360.06 USD

2021-07-02 * "Employer match for contribution"
  Assets:US:Vanguard:Cash                           600.00 USD
  Income:US:Hooli:Match401k                        -600.00 USD

2021-07-05 * "Investing 40% of cash in VBMPX"
  Assets:US:Vanguard:VBMPX                           4.478 VBMPX {107.20 USD, 2021-07-05}
  Assets:US:Vanguard:Cash                          -480.04 USD

2021-07-05 * "Investing 60% of cash in RGAGX"
  Assets:US:Vanguard:RGAGX                           7.829 RGAGX {91.97 USD, 2021-07-05}
  Assets:US:Vanguard:Cash                          -720.03 USD

2021-07-05 * "Investing 40% of cash in VBMPX"
  Assets:US:Vanguard:VBMPX                           2.238 VBMPX {107.20 USD, 2021-07-05}
  Assets:US:Vanguard:Cash                          -239.91 USD

2021-07-05 * "Investing 60% of cash in RGAGX"
  Assets:US:Vanguard:RGAGX                           3.914 RGAGX {91.97 USD, 2021-07-05}
  Assets:US:Vanguard:Cash                          -359.97 USD

2021-07-16 * "Employer match for contribution"
  Assets:US:Vanguard:Cash                           600.00 USD
  Income:US:Hooli:Match401k                        -600.00 USD

2021-07-19 * "Investing 40% of cash in VBMPX"
  Assets:US:Vanguard:VBMPX                           4.445 VBMPX {107.99 USD, 2021-07-19}
  Assets:US:Vanguard:Cash                          -480.02 USD

2021-07-19 * "Investing 60% of cash in RGAGX"
  Assets:US:Vanguard:RGAGX                           7.652 RGAGX {94.09 USD, 2021-07-19}
  Assets:US:Vanguard:Cash                          -719.98 USD

2021-07-19 * "Investing 40% of cash in VBMPX"
  Assets:US:Vanguard:VBMPX                           2.223 VBMPX {107.99 USD, 2021-07-19}
  Assets:US:Vanguard:Cash                          -240.06 USD

2021-07-19 * "Investing 60% of cash in RGAGX"
  Assets:US:Vanguard:RGAGX                           3.826 RGAGX {94.09 USD, 2021-07-19}
  Assets:US:Vanguard:Cash                          -359.99 USD

2021-07-30 * "Employer match for contribution"
  Assets:US:Vanguard:Cash                           600.00 USD
  Income:US:Hooli:Match401k                        -600.00 USD

2021-08-02 * "Investing 40% of cash in VBMPX"
  Assets:US:Vanguard:VBMPX                           4.451 VBMPX {107.83 USD, 2021-08-02}
  Assets:US:Vanguard:Cash                          -479.95 USD

2021-08-02 * "Investing 60% of cash in RGAGX"
  Assets:US:Vanguard:RGAGX                           7.841 RGAGX {91.82 USD, 2021-08-02}
  Assets:US:Vanguard:Cash                          -719.96 USD

2021-08-02 * "Investing 40% of cash in VBMPX"
  Assets:US:Vanguard:VBMPX                           2.226 VBMPX {107.83 USD, 2021-08-02}
  Assets:US:Vanguard:Cash                          -240.03 USD

2021-08-02 * "Investing 60% of cash in RGAGX"
  Assets:US:Vanguard:RGAGX                           3.921 RGAGX {91.82 USD, 2021-08-02}
  Assets:US:Vanguard:Cash                          -360.03 USD

2021-08-13 * "Employer match for contribution"
  Assets:US:Vanguard:Cash                           250.00 USD
  Income:US:Hooli:Match401k                        -250.00 USD

2021-08-16 * "Investing 40% of cash in VBMPX"
  Assets:US:Vanguard:VBMPX                           1.815 VBMPX {110.22 USD, 2021-08-16}
  Assets:US:Vanguard:Cash                          -200.05 USD

2021-08-16 * "Investing 60% of cash in RGAGX"
  Assets:US:Vanguard:RGAGX                           3.184 RGAGX {94.21 USD, 2021-08-16}
  Assets:US:Vanguard:Cash                          -299.96 USD

2021-08-16 * "Investing 40% of cash in VBMPX"
  Assets:US:Vanguard:VBMPX                           0.907 VBMPX {110.22 USD, 2021-08-16}
  Assets:US:Vanguard:Cash                           -99.97 USD

2021-08-16 * "Investing 60% of cash in RGAGX"
  Assets:US:Vanguard:RGAGX                           1.592 RGAGX {94.21 USD, 2021-08-16}
  Assets:US:Vanguard:Cash                          -149.98 USD

2022-01-14 * "Employer match for contribution"
  Assets:US:Vanguard:Cash                           600.00 USD
  Income:US:Hooli:Match401k                        -600.00 USD

2022-01-17 * "Investing 40% of cash in VBMPX"
  Assets:US:Vanguard:VBMPX                           4.408 VBMPX {108.90 USD, 2022-01-17}
  Assets:US:Vanguard:Cash                          -480.03 USD

2022-01-17 * "Investing 60% of cash in RGAGX"
  Assets:US:Vanguard:RGAGX                           8.420 RGAGX {85.51 USD, 2022-01-17}
  Assets:US:Vanguard:Cash                          -719.99 USD

2022-01-17 * "Investing 40% of cash in VBMPX"
  Assets:US:Vanguard:VBMPX                           2.204 VBMPX {108.90 USD, 2022-01-17}
  Assets:US:Vanguard:Cash                          -240.02 USD

2022-01-17 * "Investing 60% of cash in RGAGX"
  Assets:US:Vanguard:RGAGX                           4.210 RGAGX {85.51 USD, 2022-01-17}
  Assets:US:Vanguard:Cash                          -360.00 USD

2022-01-28 * "Employer match for contribution"
  Assets:US:Vanguard:Cash                           600.00 USD
  Income:US:Hooli:Match401k                        -600.00 USD

2022-01-31 * "Investing 40% of cash in VBMPX"
  Assets:US:Vanguard:VBMPX                           4.309 VBMPX {111.40 USD, 2022-01-31}
  Assets:US:Vanguard:Cash                          -480.02 USD

2022-01-31 * "Investing 60% of cash in RGAGX"
  Assets:US:Vanguard:RGAGX                           8.358 RGAGX {86.15 USD, 2022-01-31}
  Assets:US:Vanguard:Cash                          -720.04 USD

2022-01-31 * "Investing 40% of cash in VBMPX"
  Assets:US:Vanguard:VBMPX                           2.154 VBMPX {111.40 USD, 2022-01-31}
  Assets:US:Vanguard:Cash                          -239.96 USD

2022-01-31 * "Investing 60% of cash in RGAGX"
  Assets:US:Vanguard:RGAGX                           4.178 RGAGX {86.15 USD, 2022-01-31}
  Assets:US:Vanguard:Cash                          -359.93 USD

2022-02-11 * "Employer match for contribution"
  Assets:US:Vanguard:Cash                           600.00 USD
  Income:US:Hooli:Match401k                        -600.00 USD

2022-02-14 * "Investing 40% of cash in VBMPX"
  Assets:US:Vanguard:VBMPX                           4.318 VBMPX {111.18 USD, 2022-02-14}
  Assets:US:Vanguard:Cash                          -480.08 USD

2022-02-14 * "Investing 60% of cash in RGAGX"
  Assets:US:Vanguard:RGAGX                           8.468 RGAGX {85.03 USD, 2022-02-14}
  Assets:US:Vanguard:Cash                          -720.03 USD

2022-02-14 * "Investing 40% of cash in VBMPX"
  Assets:US:Vanguard:VBMPX                           2.158 VBMPX {111.18 USD, 2022-02-14}
  Assets:US:Vanguard:Cash                          -239.93 USD

2022-02-14 * "Investing 60% of cash in RGAGX"
  Assets:US:Vanguard:RGAGX                           4.233 RGAGX {85.03 USD, 2022-02-14}
  Assets:US:Vanguard:Cash                          -359.93 USD

2022-02-25 * "Employer match for contribution"
  Assets:US:Vanguard:Cash                           600.00 USD
  Income:US:Hooli:Match401k                        -600.00 USD

2022-02-28 * "Investing 40% of cash in VBMPX"
  Assets:US:Vanguard:VBMPX                           4.248 VBMPX {112.99 USD, 2022-02-28}
  Assets:US:Vanguard:Cash                          -479.98 USD

2022-02-28 * "Investing 60% of cash in RGAGX"
  Assets:US:Vanguard:RGAGX                           8.490 RGAGX {84.81 USD, 2022-02-28}
  Assets:US:Vanguard:Cash                          -720.04 USD

2022-02-28 * "Investing 40% of cash in VBMPX"
  Assets:US:Vanguard:VBMPX                           2.124 VBMPX {112.99 USD, 2022-02-28}
  Assets:US:Vanguard:Cash                          -239.99 USD

2022-02-28 * "Investing 60% of cash in RGAGX"
  Assets:US:Vanguard:RGAGX                           4.245 RGAGX {84.81 USD, 2022-02-28}
  Assets:US:Vanguard:Cash                          -360.02 USD

2022-03-11 * "Employer match for contribution"
  Assets:US:Vanguard:Cash                           600.00 USD
  Income:US:Hooli:Match401k                        -600.00 USD

2022-03-14 * "Investing 40% of cash in VBMPX"
  Assets:US:Vanguard:VBMPX                           4.399 VBMPX {109.13 USD, 2022-03-14}
  Assets:US:Vanguard:Cash                          -480.06 USD

2022-03-14 * "Investing 60% of cash in RGAGX"
  Assets:US:Vanguard:RGAGX                           8.091 RGAGX {88.99 USD, 2022-03-14}
  Assets:US:Vanguard:Cash                          -720.02 USD

2022-03-14 * "Investing 40% of cash in VBMPX"
  Assets:US:Vanguard:VBMPX                           2.199 VBMPX {109.13 USD, 2022-03-14}
  Assets:US:Vanguard:Cash                          -239.98 USD

2022-03-14 * "Investing 60% of cash in RGAGX"
  Assets:US:Vanguard:RGAGX                           4.045 RGAGX {88.99 USD, 2022-03-14}
  Assets:US:Vanguard:Cash                          -359.96 USD

2022-03-25 * "Employer match for contribution"
  Assets:US:Vanguard:Cash                           600.00 USD
  Income:US:Hooli:Match401k                        -600.00 USD

2022-03-28 * "Investing 40% of cash in VBMPX"
  Assets:US:Vanguard:VBMPX                           4.309 VBMPX {111.40 USD, 2022-03-28}
  Assets:US:Vanguard:Cash                          -480.02 USD

2022-03-28 * "Investing 60% of cash in RGAGX"
  Assets:US:Vanguard:RGAGX                           8.058 RGAGX {89.36 USD, 2022-03-28}
  Assets:US:Vanguard:Cash                          -720.06 USD

2022-03-28 * "Investing 40% of cash in VBMPX"
  Assets:US:Vanguard:VBMPX                           2.154 VBMPX {111.40 USD, 2022-03-28}
  Assets:US:Vanguard:Cash                          -239.96 USD

2022-03-28 * "Investing 60% of cash in RGAGX"
  Assets:US:Vanguard:RGAGX                           4.028 RGAGX {89.36 USD, 2022-03-28}
  Assets:US:Vanguard:Cash                          -359.94 USD

2022-04-08 * "Employer match for contribution"
  Assets:US:Vanguard:Cash                           600.00 USD
  Income:US:Hooli:Match401k                        -600.00 USD

2022-04-11 * "Investing 40% of cash in VBMPX"
  Assets:US:Vanguard:VBMPX                           4.376 VBMPX {109.70 USD, 2022-04-11}
  Assets:US:Vanguard:Cash                          -480.05 USD

2022-04-11 * "Investing 60% of cash in RGAGX"
  Assets:US:Vanguard:RGAGX                           7.957 RGAGX {90.49 USD, 2022-04-11}
  Assets:US:Vanguard:Cash                          -720.03 USD

2022-04-11 * "Investing 40% of cash in VBMPX"
  Assets:US:Vanguard:VBMPX                           2.188 VBMPX {109.70 USD, 2022-04-11}
  Assets:US:Vanguard:Cash                          -240.02 USD

2022-04-11 * "Investing 60% of cash in RGAGX"
  Assets:US:Vanguard:RGAGX                           3.978 RGAGX {90.49 USD, 2022-04-11}
  Assets:US:Vanguard:Cash                          -359.97 USD

2022-04-22 * "Employer match for contribution"
  Assets:US:Vanguard:Cash                           600.00 USD
  Income:US:Hooli:Match401k                        -600.00 USD

2022-04-25 * "Investing 40% of cash in VBMPX"
  Assets:US:Vanguard:VBMPX                           4.358 VBMPX {110.13 USD, 2022-04-25}
  Assets:US:Vanguard:Cash                          -479.95 USD

2022-04-25 * "Investing 60% of cash in RGAGX"
  Assets:US:Vanguard:RGAGX                           8.009 RGAGX {89.90 USD, 2022-04-25}
  Assets:US:Vanguard:Cash                          -720.01 USD

2022-04-25 * "Investing 40% of cash in VBMPX"
  Assets:US:Vanguard:VBMPX                           2.179 VBMPX {110.13 USD, 2022-04-25}
  Assets:US:Vanguard:Cash                          -239.97 USD

2022-04-25 * "Investing 60% of cash in RGAGX"
  Assets:US:Vanguard:RGAGX                           4.005 RGAGX {89.90 USD, 2022-04-25}
  Assets:US:Vanguard:Cash                          -360.05 USD

2022-05-06 * "Employer match for contribution"
  Assets:US:Vanguard:Cash                           600.00 USD
  Income:US:Hooli:Match401k                        -600.00 USD

2022-05-09 * "Investing 40% of cash in VBMPX"
  Assets:US:Vanguard:VBMPX                           4.359 VBMPX {110.13 USD, 2022-05-09}
  Assets:US:Vanguard:Cash                          -480.06 USD

2022-05-09 * "Investing 60% of cash in RGAGX"
  Assets:US:Vanguard:RGAGX                           8.063 RGAGX {89.30 USD, 2022-05-09}
  Assets:US:Vanguard:Cash                          -720.03 USD

2022-05-09 * "Investing 40% of cash in VBMPX"
  Assets:US:Vanguard:VBMPX                           2.179 VBMPX {110.13 USD, 2022-05-09}
  Assets:US:Vanguard:Cash                          -239.97 USD

2022-05-09 * "Investing 60% of cash in RGAGX"
  Assets:US:Vanguard:RGAGX                           4.031 RGAGX {89.30 USD, 2022-05-09}
  Assets:US:Vanguard:Cash                          -359.97 USD

2022-05-20 * "Employer match for contribution"
  Assets:US:Vanguard:Cash                           600.00 USD
  Income:US:Hooli:Match401k                        -600.00 USD

2022-05-23 * "Investing 40% of cash in VBMPX"
  Assets:US:Vanguard:VBMPX                           4.342 VBMPX {110.55 USD, 2022-05-23}
  Assets:US:Vanguard:Cash                          -480.01 USD

2022-05-23 * "Investing 60% of cash in RGAGX"
  Assets:US:Vanguard:RGAGX                           7.873 RGAGX {91.45 USD, 2022-05-23}
  Assets:US:Vanguard:Cash                          -719.99 USD

2022-05-23 * "Investing 40% of cash in VBMPX"
  Assets:US:Vanguard:VBMPX                           2.171 VBMPX {110.55 USD, 2022-05-23}
  Assets:US:Vanguard:Cash                          -240.00 USD

2022-05-23 * "Investing 60% of cash in RGAGX"
  Assets:US:Vanguard:RGAGX                           3.936 RGAGX {91.45 USD, 2022-05-23}
  Assets:US:Vanguard:Cash                          -359.95 USD

2022-06-03 * "Employer match for contribution"
  Assets:US:Vanguard:Cash                           600.00 USD
  Income:US:Hooli:Match401k                        -600.00 USD

2022-06-06 * "Investing 40% of cash in VBMPX"
  Assets:US:Vanguard:VBMPX                           4.366 VBMPX {109.95 USD, 2022-06-06}
  Assets:US:Vanguard:Cash                          -480.04 USD

2022-06-06 * "Investing 60% of cash in RGAGX"
  Assets:US:Vanguard:RGAGX                           7.731 RGAGX {93.13 USD, 2022-06-06}
  Assets:US:Vanguard:Cash                          -719.99 USD

2022-06-06 * "Investing 40% of cash in VBMPX"
  Assets:US:Vanguard:VBMPX                           2.183 VBMPX {109.95 USD, 2022-06-06}
  Assets:US:Vanguard:Cash                          -240.02 USD

2022-06-06 * "Investing 60% of cash in RGAGX"
  Assets:US:Vanguard:RGAGX                           3.866 RGAGX {93.13 USD, 2022-06-06}
  Assets:US:Vanguard:Cash                          -360.04 USD

2022-06-17 * "Employer match for contribution"
  Assets:US:Vanguard:Cash                           600.00 USD
  Income:US:Hooli:Match401k                        -600.00 USD

2022-06-20 * "Investing 40% of cash in VBMPX"
  Assets:US:Vanguard:VBMPX                           4.430 VBMPX {108.34 USD, 2022-06-20}
  Assets:US:Vanguard:Cash                          -479.95 USD

2022-06-20 * "Investing 60% of cash in RGAGX"
  Assets:US:Vanguard:RGAGX                           7.546 RGAGX {95.41 USD, 2022-06-20}
  Assets:US:Vanguard:Cash                          -719.96 USD

2022-06-20 * "Investing 40% of cash in VBMPX"
  Assets:US:Vanguard:VBMPX                           2.215 VBMPX {108.34 USD, 2022-06-20}
  Assets:US:Vanguard:Cash                          -239.97 USD

2022-06-20 * "Investing 60% of cash in RGAGX"
  Assets:US:Vanguard:RGAGX                           3.773 RGAGX {95.41 USD, 2022-06-20}
  Assets:US:Vanguard:Cash                          -359.98 USD

2022-07-01 * "Employer match for contribution"
  Assets:US:Vanguard:Cash                           600.00 USD
  Income:US:Hooli:Match401k                        -600.00 USD

2022-07-04 * "Investing 40% of cash in VBMPX"
  Assets:US:Vanguard:VBMPX                           4.443 VBMPX {108.04 USD, 2022-07-04}
  Assets:US:Vanguard:Cash                          -480.02 USD

2022-07-04 * "Investing 60% of cash in RGAGX"
  Assets:US:Vanguard:RGAGX                           7.264 RGAGX {99.12 USD, 2022-07-04}
  Assets:US:Vanguard:Cash                          -720.01 USD

2022-07-04 * "Investing 40% of cash in VBMPX"
  Assets:US:Vanguard:VBMPX                           2.222 VBMPX {108.04 USD, 2022-07-04}
  Assets:US:Vanguard:Cash                          -240.06 USD

2022-07-04 * "Investing 60% of cash in RGAGX"
  Assets:US:Vanguard:RGAGX                           3.632 RGAGX {99.12 USD, 2022-07-04}
  Assets:US:Vanguard:Cash                          -360.00 USD

2022-07-15 * "Employer match for contribution"
  Assets:US:Vanguard:Cash                           600.00 USD
  Income:US:Hooli:Match401k                        -600.00 USD

2022-07-18 * "Investing 40% of cash in VBMPX"
  Assets:US:Vanguard:VBMPX                           4.419 VBMPX {108.61 USD, 2022-07-18}
  Assets:US:Vanguard:Cash                          -479.95 USD

2022-07-18 * "Investing 60% of cash in RGAGX"
  Assets:US:Vanguard:RGAGX                           7.284 RGAGX {98.85 USD, 2022-07-18}
  Assets:US:Vanguard:Cash                          -720.02 USD

2022-07-18 * "Investing 40% of cash in VBMPX"
  Assets:US:Vanguard:VBMPX                           2.210 VBMPX {108.61 USD, 2022-07-18}
  Assets:US:Vanguard:Cash                          -240.03 USD

2022-07-18 * "Investing 60% of cash in RGAGX"
  Assets:US:Vanguard:RGAGX                           3.642 RGAGX {98.85 USD, 2022-07-18}
  Assets:US:Vanguard:Cash                          -360.01 USD

2022-07-29 * "Employer match for contribution"
  Assets:US:Vanguard:Cash                           600.00 USD
  Income:US:Hooli:Match401k                        -600.00 USD

2022-08-01 * "Investing 40% of cash in VBMPX"
  Assets:US:Vanguard:VBMPX                           4.366 VBMPX {109.93 USD, 2022-08-01}
  Assets:US:Vanguard:Cash                          -479.95 USD

2022-08-01 * "Investing 60% of cash in RGAGX"
  Assets:US:Vanguard:RGAGX                           7.067 RGAGX {101.88 USD, 2022-08-01}
  Assets:US:Vanguard:Cash                          -719.99 USD

2022-08-01 * "Investing 40% of cash in VBMPX"
  Assets:US:Vanguard:VBMPX                           2.183 VBMPX {109.93 USD, 2022-08-01}
  Assets:US:Vanguard:Cash                          -239.98 USD

2022-08-01 * "Investing 60% of cash in RGAGX"
  Assets:US:Vanguard:RGAGX                           3.534 RGAGX {101.88 USD, 2022-08-01}
  Assets:US:Vanguard:Cash                          -360.04 USD

2022-08-12 * "Employer match for contribution"
  Assets:US:Vanguard:Cash                           250.00 USD
  Income:US:Hooli:Match401k                        -250.00 USD

2022-08-15 * "Investing 40% of cash in VBMPX"
  Assets:US:Vanguard:VBMPX                           1.811 VBMPX {110.46 USD, 2022-08-15}
  Assets:US:Vanguard:Cash                          -200.04 USD

2022-08-15 * "Investing 60% of cash in RGAGX"
  Assets:US:Vanguard:RGAGX                           2.761 RGAGX {108.66 USD, 2022-08-15}
  Assets:US:Vanguard:Cash                          -300.01 USD

2022-08-15 * "Investing 40% of cash in VBMPX"
  Assets:US:Vanguard:VBMPX                           0.905 VBMPX {110.46 USD, 2022-08-15}
  Assets:US:Vanguard:Cash                           -99.97 USD

2022-08-15 * "Investing 60% of cash in RGAGX"
  Assets:US:Vanguard:RGAGX                           1.380 RGAGX {108.66 USD, 2022-08-15}
  Assets:US:Vanguard:Cash                          -149.95 USD



* Sources of Income

2020-01-01 open Income:US:Hooli:Salary                      USD
2020-01-01 open Income:US:Hooli:GroupTermLife               USD
2020-01-01 open Income:US:Hooli:Vacation                    VACHR
2020-01-01 open Assets:US:Hooli:Vacation                    VACHR
2020-01-01 open Expenses:Vacation                               VACHR
2020-01-01 open Expenses:Health:Life:GroupTermLife
2020-01-01 open Expenses:Health:Medical:Insurance
2020-01-01 open Expenses:Health:Dental:Insurance
2020-01-01 open Expenses:Health:Vision:Insurance

2020-01-01 event "employer" "Hooli, 1 Carloston Rd, Mountain Beer, CA"

2020-01-02 * "Hooli" "Payroll"
  Assets:US:BofA:Checking                          1350.60 USD
  Assets:US:Vanguard:Cash                          1200.00 USD
  Income:US:Hooli:Salary                          -4615.38 USD
  Income:US:Hooli:GroupTermLife                     -24.32 USD
  Expenses:Health:Life:GroupTermLife                 24.32 USD
  Expenses:Health:Dental:Insurance                    2.90 USD
  Expenses:Health:Medical:Insurance                  27.38 USD
  Expenses:Health:Vision:Insurance                   42.30 USD
  Expenses:Taxes:Y2020:US:Medicare                  106.62 USD
  Expenses:Taxes:Y2020:US:Federal                  1062.92 USD
  Expenses:Taxes:Y2020:US:State                     365.08 USD
  Expenses:Taxes:Y2020:US:CityNYC                   174.92 USD
  Expenses:Taxes:Y2020:US:SDI                         1.12 USD
  Expenses:Taxes:Y2020:US:SocSec                    281.54 USD
  Assets:US:Federal:PreTax401k                    -1200.00 IRAUSD
  Expenses:Taxes:Y2020:US:Federal:PreTax401k       1200.00 IRAUSD
  Assets:US:Hooli:Vacation                               5 VACHR
  Income:US:Hooli:Vacation                              -5 VACHR

2020-01-16 * "Hooli" "Payroll"
  Assets:US:BofA:Checking                          1350.60 USD
  Assets:US:Vanguard:Cash                          1200.00 USD
  Income:US:Hooli:Salary                          -4615.38 USD
  Income:US:Hooli:GroupTermLife                     -24.32 USD
  Expenses:Health:Life:GroupTermLife                 24.32 USD
  Expenses:Health:Dental:Insurance                    2.90 USD
  Expenses:Health:Medical:Insurance                  27.38 USD
  Expenses:Health:Vision:Insurance                   42.30 USD
  Expenses:Taxes:Y2020:US:Medicare                  106.62 USD
  Expenses:Taxes:Y2020:US:Federal                  1062.92 USD
  Expenses:Taxes:Y2020:US:State                     365.08 USD
  Expenses:Taxes:Y2020:US:CityNYC                   174.92 USD
  Expenses:Taxes:Y2020:US:SDI                         1.12 USD
  Expenses:Taxes:Y2020:US:SocSec                    281.54 USD
  Assets:US:Federal:PreTax401k                    -1200.00 IRAUSD
  Expenses:Taxes:Y2020:US:Federal:PreTax401k       1200.00 IRAUSD
  Assets:US:Hooli:Vacation                               5 VACHR
  Income:US:Hooli:Vacation                              -5 VACHR

2020-01-30 * "Hooli" "Payroll"
  Assets:US:BofA:Checking                          1350.60 USD
  Assets:US:Vanguard:Cash                          1200.00 USD
  Income:US:Hooli:Salary                          -4615.38 USD
  Income:US:Hooli:GroupTermLife                     -24.32 USD
  Expenses:Health:Life:GroupTermLife                 24.32 USD
  Expenses:Health:Dental:Insurance                    2.90 USD
  Expenses:Health:Medical:Insurance                  27.38 USD
  Expenses:Health:Vision:Insurance                   42.30 USD
  Expenses:Taxes:Y2020:US:Medicare                  106.62 USD
  Expenses:Taxes:Y2020:US:Federal                  1062.92 USD
  Expenses:Taxes:Y2020:US:State                     365.08 USD
  Expenses:Taxes:Y2020:US:CityNYC                   174.92 USD
  Expenses:Taxes:Y2020:US:SDI                         1.12 USD
  Expenses:Taxes:Y2020:US:SocSec                    281.54 USD
  Assets:US:Federal:PreTax401k                    -1200.00 IRAUSD
  Expenses:Taxes:Y2020:US:Federal:PreTax401k       1200.00 IRAUSD
  Assets:US:Hooli:Vacation                               5 VACHR
  Income:US:Hooli:Vacation                              -5 VACHR

2020-02-13 * "Hooli" "Payroll"
  Assets:US:BofA:Checking                          1350.60 USD
  Assets:US:Vanguard:Cash                          1200.00 USD
  Income:US:Hooli:Salary                          -4615.38 USD
  Income:US:Hooli:GroupTermLife                     -24.32 USD
  Expenses:Health:Life:GroupTermLife                 24.32 USD
  Expenses:Health:Dental:Insurance                    2.90 USD
  Expenses:Health:Medical:Insurance                  27.38 USD
  Expenses:Health:Vision:Insurance                   42.30 USD
  Expenses:Taxes:Y2020:US:Medicare                  106.62 USD
  Expenses:Taxes:Y2020:US:Federal                  1062.92 USD
  Expenses:Taxes:Y2020:US:State                     365.08 USD
  Expenses:Taxes:Y2020:US:CityNYC                   174.92 USD
  Expenses:Taxes:Y2020:US:SDI                         1.12 USD
  Expenses:Taxes:Y2020:US:SocSec                    281.54 USD
  Assets:US:Federal:PreTax401k                    -1200.00 IRAUSD
  Expenses:Taxes:Y2020:US:Federal:PreTax401k       1200.00 IRAUSD
  Assets:US:Hooli:Vacation                               5 VACHR
  Income:US:Hooli:Vacation                              -5 VACHR

2020-02-27 * "Hooli" "Payroll"
  Assets:US:BofA:Checking                          1350.60 USD
  Assets:US:Vanguard:Cash                          1200.00 USD
  Income:US:Hooli:Salary                          -4615.38 USD
  Income:US:Hooli:GroupTermLife                     -24.32 USD
  Expenses:Health:Life:GroupTermLife                 24.32 USD
  Expenses:Health:Dental:Insurance                    2.90 USD
  Expenses:Health:Medical:Insurance                  27.38 USD
  Expenses:Health:Vision:Insurance                   42.30 USD
  Expenses:Taxes:Y2020:US:Medicare                  106.62 USD
  Expenses:Taxes:Y2020:US:Federal                  1062.92 USD
  Expenses:Taxes:Y2020:US:State                     365.08 USD
  Expenses:Taxes:Y2020:US:CityNYC                   174.92 USD
  Expenses:Taxes:Y2020:US:SDI                         1.12 USD
  Expenses:Taxes:Y2020:US:SocSec                    281.54 USD
  Assets:US:Federal:PreTax401k                    -1200.00 IRAUSD
  Expenses:Taxes:Y2020:US:Federal:PreTax401k       1200.00 IRAUSD
  Assets:US:Hooli:Vacation                               5 VACHR
  Income:US:Hooli:Vacation                              -5 VACHR

2020-03-12 * "Hooli" "Payroll"
  Assets:US:BofA:Checking                          1350.60 USD
  Assets:US:Vanguard:Cash                          1200.00 USD
  Income:US:Hooli:Salary                          -4615.38 USD
  Income:US:Hooli:GroupTermLife                     -24.32 USD
  Expenses:Health:Life:GroupTermLife                 24.32 USD
  Expenses:Health:Dental:Insurance                    2.90 USD
  Expenses:Health:Medical:Insurance                  27.38 USD
  Expenses:Health:Vision:Insurance                   42.30 USD
  Expenses:Taxes:Y2020:US:Medicare                  106.62 USD
  Expenses:Taxes:Y2020:US:Federal                  1062.92 USD
  Expenses:Taxes:Y2020:US:State                     365.08 USD
  Expenses:Taxes:Y2020:US:CityNYC                   174.92 USD
  Expenses:Taxes:Y2020:US:SDI                         1.12 USD
  Expenses:Taxes:Y2020:US:SocSec                    281.54 USD
  Assets:US:Federal:PreTax401k                    -1200.00 IRAUSD
  Expenses:Taxes:Y2020:US:Federal:PreTax401k       1200.00 IRAUSD
  Assets:US:Hooli:Vacation                               5 VACHR
  Income:US:Hooli:Vacation                              -5 VACHR

2020-03-26 * "Hooli" "Payroll"
  Assets:US:BofA:Checking                          1350.60 USD
  Assets:US:Vanguard:Cash                          1200.00 USD
  Income:US:Hooli:Salary                          -4615.38 USD
  Income:US:Hooli:GroupTermLife                     -24.32 USD
  Expenses:Health:Life:GroupTermLife                 24.32 USD
  Expenses:Health:Dental:Insurance                    2.90 USD
  Expenses:Health:Medical:Insurance                  27.38 USD
  Expenses:Health:Vision:Insurance                   42.30 USD
  Expenses:Taxes:Y2020:US:Medicare                  106.62 USD
  Expenses:Taxes:Y2020:US:Federal                  1062.92 USD
  Expenses:Taxes:Y2020:US:State                     365.08 USD
  Expenses:Taxes:Y2020:US:CityNYC                   174.92 USD
  Expenses:Taxes:Y2020:US:SDI                         1.12 USD
  Expenses:Taxes:Y2020:US:SocSec                    281.54 USD
  Assets:US:Federal:PreTax401k                    -1200.00 IRAUSD
  Expenses:Taxes:Y2020:US:Federal:PreTax401k       1200.00 IRAUSD
  Assets:US:Hooli:Vacation                               5 VACHR
  Income:US:Hooli:Vacation                              -5 VACHR

2020-04-09 * "Hooli" "Payroll"
  Assets:US:BofA:Checking                          1350.60 USD
  Assets:US:Vanguard:Cash                          1200.00 USD
  Income:US:Hooli:Salary                          -4615.38 USD
  Income:US:Hooli:GroupTermLife                     -24.32 USD
  Expenses:Health:Life:GroupTermLife                 24.32 USD
  Expenses:Health:Dental:Insurance                    2.90 USD
  Expenses:Health:Medical:Insurance                  27.38 USD
  Expenses:Health:Vision:Insurance                   42.30 USD
  Expenses:Taxes:Y2020:US:Medicare                  106.62 USD
  Expenses:Taxes:Y2020:US:Federal                  1062.92 USD
  Expenses:Taxes:Y2020:US:State                     365.08 USD
  Expenses:Taxes:Y2020:US:CityNYC                   174.92 USD
  Expenses:Taxes:Y2020:US:SDI                         1.12 USD
  Expenses:Taxes:Y2020:US:SocSec                    281.54 USD
  Assets:US:Federal:PreTax401k                    -1200.00 IRAUSD
  Expenses:Taxes:Y2020:US:Federal:PreTax401k       1200.00 IRAUSD
  Assets:US:Hooli:Vacation                               5 VACHR
  Income:US:Hooli:Vacation                              -5 VACHR

2020-04-23 * "Hooli" "Payroll"
  Assets:US:BofA:Checking                          1350.60 USD
  Assets:US:Vanguard:Cash                          1200.00 USD
  Income:US:Hooli:Salary                          -4615.38 USD
  Income:US:Hooli:GroupTermLife                     -24.32 USD
  Expenses:Health:Life:GroupTermLife                 24.32 USD
  Expenses:Health:Dental:Insurance                    2.90 USD
  Expenses:Health:Medical:Insurance                  27.38 USD
  Expenses:Health:Vision:Insurance                   42.30 USD
  Expenses:Taxes:Y2020:US:Medicare                  106.62 USD
  Expenses:Taxes:Y2020:US:Federal                  1062.92 USD
  Expenses:Taxes:Y2020:US:State                     365.08 USD
  Expenses:Taxes:Y2020:US:CityNYC                   174.92 USD
  Expenses:Taxes:Y2020:US:SDI                         1.12 USD
  Expenses:Taxes:Y2020:US:SocSec                    281.54 USD
  Assets:US:Federal:PreTax401k                    -1200.00 IRAUSD
  Expenses:Taxes:Y2020:US:Federal:PreTax401k       1200.00 IRAUSD
  Assets:US:Hooli:Vacation                               5 VACHR
  Income:US:Hooli:Vacation                              -5 VACHR

2020-05-07 * "Hooli" "Payroll"
  Assets:US:BofA:Checking                          1350.60 USD
  Assets:US:Vanguard:Cash                          1200.00 USD
  Income:US:Hooli:Salary                          -4615.38 USD
  Income:US:Hooli:GroupTermLife                     -24.32 USD
  Expenses:Health:Life:GroupTermLife                 24.32 USD
  Expenses:Health:Dental:Insurance                    2.90 USD
  Expenses:Health:Medical:Insurance                  27.38 USD
  Expenses:Health:Vision:Insurance                   42.30 USD
  Expenses:Taxes:Y2020:US:Medicare                  106.62 USD
  Expenses:Taxes:Y2020:US:Federal                  1062.92 USD
  Expenses:Taxes:Y2020:US:State                     365.08 USD
  Expenses:Taxes:Y2020:US:CityNYC                   174.92 USD
  Expenses:Taxes:Y2020:US:SDI                         1.12 USD
  Expenses:Taxes:Y2020:US:SocSec                    281.54 USD
  Assets:US:Federal:PreTax401k                    -1200.00 IRAUSD
  Expenses:Taxes:Y2020:US:Federal:PreTax401k       1200.00 IRAUSD
  Assets:US:Hooli:Vacation                               5 VACHR
  Income:US:Hooli:Vacation                              -5 VACHR

2020-05-21 * "Hooli" "Payroll"
  Assets:US:BofA:Checking                          1350.60 USD
  Assets:US:Vanguard:Cash                          1200.00 USD
  Income:US:Hooli:Salary                          -4615.38 USD
  Income:US:Hooli:GroupTermLife                     -24.32 USD
  Expenses:Health:Life:GroupTermLife                 24.32 USD
  Expenses:Health:Dental:Insurance                    2.90 USD
  Expenses:Health:Medical:Insurance                  27.38 USD
  Expenses:Health:Vision:Insurance                   42.30 USD
  Expenses:Taxes:Y2020:US:Medicare                  106.62 USD
  Expenses:Taxes:Y2020:US:Federal                  1062.92 USD
  Expenses:Taxes:Y2020:US:State                     365.08 USD
  Expenses:Taxes:Y2020:US:CityNYC                   174.92 USD
  Expenses:Taxes:Y2020:US:SDI                         1.12 USD
  Expenses:Taxes:Y2020:US:SocSec                    281.54 USD
  Assets:US:Federal:PreTax401k                    -1200.00 IRAUSD
  Expenses:Taxes:Y2020:US:Federal:PreTax401k       1200.00 IRAUSD
  Assets:US:Hooli:Vacation                               5 VACHR
  Income:US:Hooli:Vacation                              -5 VACHR

2020-06-04 * "Hooli" "Payroll"
  Assets:US:BofA:Checking                          1350.60 USD
  Assets:US:Vanguard:Cash                          1200.00 USD
  Income:US:Hooli:Salary                          -4615.38 USD
  Income:US:Hooli:GroupTermLife                     -24.32 USD
  Expenses:Health:Life:GroupTermLife                 24.32 USD
  Expenses:Health:Dental:Insurance                    2.90 USD
  Expenses:Health:Medical:Insurance                  27.38 USD
  Expenses:Health:Vision:Insurance                   42.30 USD
  Expenses:Taxes:Y2020:US:Medicare                  106.62 USD
  Expenses:Taxes:Y2020:US:Federal                  1062.92 USD
  Expenses:Taxes:Y2020:US:State                     365.08 USD
  Expenses:Taxes:Y2020:US:CityNYC                   174.92 USD
  Expenses:Taxes:Y2020:US:SDI                         1.12 USD
  Expenses:Taxes:Y2020:US:SocSec                    281.54 USD
  Assets:US:Federal:PreTax401k                    -1200.00 IRAUSD
  Expenses:Taxes:Y2020:US:Federal:PreTax401k       1200.00 IRAUSD
  Assets:US:Hooli:Vacation                               5 VACHR
  Income:US:Hooli:Vacation                              -5 VACHR

2020-06-18 * "Hooli" "Payroll"
  Assets:US:BofA:Checking                          1350.60 USD
  Assets:US:Vanguard:Cash                          1200.00 USD
  Income:US:Hooli:Salary                          -4615.38 USD
  Income:US:Hooli:GroupTermLife                     -24.32 USD
  Expenses:Health:Life:GroupTermLife                 24.32 USD
  Expenses:Health:Dental:Insurance                    2.90 USD
  Expenses:Health:Medical:Insurance                  27.38 USD
  Expenses:Health:Vision:Insurance                   42.30 USD
  Expenses:Taxes:Y2020:US:Medicare                  106.62 USD
  Expenses:Taxes:Y2020:US:Federal                  1062.92 USD
  Expenses:Taxes:Y2020:US:State                     365.08 USD
  Expenses:Taxes:Y2020:US:CityNYC                   174.92 USD
  Expenses:Taxes:Y2020:US:SDI                         1.12 USD
  Expenses:Taxes:Y2020:US:SocSec                    281.54 USD
  Assets:US:Federal:PreTax401k                    -1200.00 IRAUSD
  Expenses:Taxes:Y2020:US:Federal:PreTax401k       1200.00 IRAUSD
  Assets:US:Hooli:Vacation                               5 VACHR
  Income:US:Hooli:Vacation                              -5 VACHR

2020-07-02 * "Hooli" "Payroll"
  Assets:US:BofA:Checking                          1350.60 USD
  Assets:US:Vanguard:Cash                          1200.00 USD
  Income:US:Hooli:Salary                          -4615.38 USD
  Income:US:Hooli:GroupTermLife                     -24.32 USD
  Expenses:Health:Life:GroupTermLife                 24.32 USD
  Expenses:Health:Dental:Insurance                    2.90 USD
  Expenses:Health:Medical:Insurance                  27.38 USD
  Expenses:Health:Vision:Insurance                   42.30 USD
  Expenses:Taxes:Y2020:US:Medicare                  106.62 USD
  Expenses:Taxes:Y2020:US:Federal                  1062.92 USD
  Expenses:Taxes:Y2020:US:State                     365.08 USD
  Expenses:Taxes:Y2020:US:CityNYC                   174.92 USD
  Expenses:Taxes:Y2020:US:SDI                         1.12 USD
  Expenses:Taxes:Y2020:US:SocSec                    281.54 USD
  Assets:US:Federal:PreTax401k                    -1200.00 IRAUSD
  Expenses:Taxes:Y2020:US:Federal:PreTax401k       1200.00 IRAUSD
  Assets:US:Hooli:Vacation                               5 VACHR
  Income:US:Hooli:Vacation                              -5 VACHR

2020-07-16 * "Hooli" "Payroll"
  Assets:US:BofA:Checking                          1350.60 USD
  Assets:US:Vanguard:Cash                          1200.00 USD
  Income:US:Hooli:Salary                          -4615.38 USD
  Income:US:Hooli:GroupTermLife                     -24.32 USD
  Expenses:Health:Life:GroupTermLife                 24.32 USD
  Expenses:Health:Dental:Insurance                    2.90 USD
  Expenses:Health:Medical:Insurance                  27.38 USD
  Expenses:Health:Vision:Insurance                   42.30 USD
  Expenses:Taxes:Y2020:US:Medicare                  106.62 USD
  Expenses:Taxes:Y2020:US:Federal                  1062.92 USD
  Expenses:Taxes:Y2020:US:State                     365.08 USD
  Expenses:Taxes:Y2020:US:CityNYC                   174.92 USD
  Expenses:Taxes:Y2020:US:SDI                         1.12 USD
  Expenses:Taxes:Y2020:US:SocSec                    281.54 USD
  Assets:US:Federal:PreTax401k                    -1200.00 IRAUSD
  Expenses:Taxes:Y2020:US:Federal:PreTax401k       1200.00 IRAUSD
  Assets:US:Hooli:Vacation                               5 VACHR
  Income:US:Hooli:Vacation                              -5 VACHR

2020-07-30 * "Hooli" "Payroll"
  Assets:US:BofA:Checking                          2050.60 USD
  Assets:US:Vanguard:Cash                           500.00 USD
  Income:US:Hooli:Salary                          -4615.38 USD
  Income:US:Hooli:GroupTermLife                     -24.32 USD
  Expenses:Health:Life:GroupTermLife                 24.32 USD
  Expenses:Health:Dental:Insurance                    2.90 USD
  Expenses:Health:Medical:Insurance                  27.38 USD
  Expenses:Health:Vision:Insurance                   42.30 USD
  Expenses:Taxes:Y2020:US:Medicare                  106.62 USD
  Expenses:Taxes:Y2020:US:Federal                  1062.92 USD
  Expenses:Taxes:Y2020:US:State                     365.08 USD
  Expenses:Taxes:Y2020:US:CityNYC                   174.92 USD
  Expenses:Taxes:Y2020:US:SDI                         1.12 USD
  Expenses:Taxes:Y2020:US:SocSec                    281.54 USD
  Assets:US:Federal:PreTax401k                     -500.00 IRAUSD
  Expenses:Taxes:Y2020:US:Federal:PreTax401k        500.00 IRAUSD
  Assets:US:Hooli:Vacation                               5 VACHR
  Income:US:Hooli:Vacation                              -5 VACHR

2020-08-13 * "Hooli" "Payroll"
  Assets:US:BofA:Checking                          2550.60 USD
  Income:US:Hooli:Salary                          -4615.38 USD
  Income:US:Hooli:GroupTermLife                     -24.32 USD
  Expenses:Health:Life:GroupTermLife                 24.32 USD
  Expenses:Health:Dental:Insurance                    2.90 USD
  Expenses:Health:Medical:Insurance                  27.38 USD
  Expenses:Health:Vision:Insurance                   42.30 USD
  Expenses:Taxes:Y2020:US:Medicare                  106.62 USD
  Expenses:Taxes:Y2020:US:Federal                  1062.92 USD
  Expenses:Taxes:Y2020:US:State                     365.08 USD
  Expenses:Taxes:Y2020:US:CityNYC                   174.92 USD
  Expenses:Taxes:Y2020:US:SDI                         1.12 USD
  Expenses:Taxes:Y2020:US:SocSec                    281.54 USD
  Assets:US:Federal:PreTax401k                        0.00 IRAUSD
  Assets:US:Hooli:Vacation                               5 VACHR
  Income:US:Hooli:Vacation                              -5 VACHR

2020-08-27 * "Hooli" "Payroll"
  Assets:US:BofA:Checking                          2550.60 USD
  Income:US:Hooli:Salary                          -4615.38 USD
  Income:US:Hooli:GroupTermLife                     -24.32 USD
  Expenses:Health:Life:GroupTermLife                 24.32 USD
  Expenses:Health:Dental:Insurance                    2.90 USD
  Expenses:Health:Medical:Insurance                  27.38 USD
  Expenses:Health:Vision:Insurance                   42.30 USD
  Expenses:Taxes:Y2020:US:Medicare                  106.62 USD
  Expenses:Taxes:Y2020:US:Federal                  1062.92 USD
  Expenses:Taxes:Y2020:US:State                     365.08 USD
  Expenses:Taxes:Y2020:US:CityNYC                   174.92 USD
  Expenses:Taxes:Y2020:US:SDI                         1.12 USD
  Expenses:Taxes:Y2020:US:SocSec                    281.54 USD
  Assets:US:Federal:PreTax401k                        0.00 IRAUSD
  Assets:US:Hooli:Vacation                               5 VACHR
  Income:US:Hooli:Vacation                              -5 VACHR

2020-09-10 * "Hooli" "Payroll"
  Assets:US:BofA:Checking                          2550.60 USD
  Income:US:Hooli:Salary                          -4615.38 USD
  Income:US:Hooli:GroupTermLife                     -24.32 USD
  Expenses:Health:Life:GroupTermLife                 24.32 USD
  Expenses:Health:Dental:Insurance                    2.90 USD
  Expenses:Health:Medical:Insurance                  27.38 USD
  Expenses:Health:Vision:Insurance                   42.30 USD
  Expenses:Taxes:Y2020:US:Medicare                  106.62 USD
  Expenses:Taxes:Y2020:US:Federal                  1062.92 USD
  Expenses:Taxes:Y2020:US:State                     365.08 USD
  Expenses:Taxes:Y2020:US:CityNYC                   174.92 USD
  Expenses:Taxes:Y2020:US:SDI                         1.12 USD
  Expenses:Taxes:Y2020:US:SocSec                    281.54 USD
  Assets:US:Federal:PreTax401k                        0.00 IRAUSD
  Assets:US:Hooli:Vacation                               5 VACHR
  Income:US:Hooli:Vacation                              -5 VACHR

2020-09-24 * "Hooli" "Payroll"
  Assets:US:BofA:Checking                          2550.60 USD
  Income:US:Hooli:Salary                          -4615.38 USD
  Income:US:Hooli:GroupTermLife                     -24.32 USD
  Expenses:Health:Life:GroupTermLife                 24.32 USD
  Expenses:Health:Dental:Insurance                    2.90 USD
  Expenses:Health:Medical:Insurance                  27.38 USD
  Expenses:Health:Vision:Insurance                   42.30 USD
  Expenses:Taxes:Y2020:US:Medicare                  106.62 USD
  Expenses:Taxes:Y2020:US:Federal                  1062.92 USD
  Expenses:Taxes:Y2020:US:State                     365.08 USD
  Expenses:Taxes:Y2020:US:CityNYC                   174.92 USD
  Expenses:Taxes:Y2020:US:SDI                         1.12 USD
  Expenses:Taxes:Y2020:US:SocSec                    281.54 USD
  Assets:US:Federal:PreTax401k                        0.00 IRAUSD
  Assets:US:Hooli:Vacation                               5 VACHR
  Income:US:Hooli:Vacation                              -5 VACHR

2020-10-08 * "Hooli" "Payroll"
  Assets:US:BofA:Checking                          2550.60 USD
  Income:US:Hooli:Salary                          -4615.38 USD
  Income:US:Hooli:GroupTermLife                     -24.32 USD
  Expenses:Health:Life:GroupTermLife                 24.32 USD
  Expenses:Health:Dental:Insurance                    2.90 USD
  Expenses:Health:Medical:Insurance                  27.38 USD
  Expenses:Health:Vision:Insurance                   42.30 USD
  Expenses:Taxes:Y2020:US:Medicare                  106.62 USD
  Expenses:Taxes:Y2020:US:Federal                  1062.92 USD
  Expenses:Taxes:Y2020:US:State                     365.08 USD
  Expenses:Taxes:Y2020:US:CityNYC                   174.92 USD
  Expenses:Taxes:Y2020:US:SDI                         1.12 USD
  Expenses:Taxes:Y2020:US:SocSec                    281.54 USD
  Assets:US:Federal:PreTax401k                        0.00 IRAUSD
  Assets:US:Hooli:Vacation                               5 VACHR
  Income:US:Hooli:Vacation                              -5 VACHR

2020-10-22 * "Hooli" "Payroll"
  Assets:US:BofA:Checking                          2550.60 USD
  Income:US:Hooli:Salary                          -4615.38 USD
  Income:US:Hooli:GroupTermLife                     -24.32 USD
  Expenses:Health:Life:GroupTermLife                 24.32 USD
  Expenses:Health:Dental:Insurance                    2.90 USD
  Expenses:Health:Medical:Insurance                  27.38 USD
  Expenses:Health:Vision:Insurance                   42.30 USD
  Expenses:Taxes:Y2020:US:Medicare                  106.62 USD
  Expenses:Taxes:Y2020:US:Federal                  1062.92 USD
  Expenses:Taxes:Y2020:US:State                     365.08 USD
  Expenses:Taxes:Y2020:US:CityNYC                   174.92 USD
  Expenses:Taxes:Y2020:US:SDI                         1.12 USD
  Expenses:Taxes:Y2020:US:SocSec                    281.54 USD
  Assets:US:Federal:PreTax401k                        0.00 IRAUSD
  Assets:US:Hooli:Vacation                               5 VACHR
  Income:US:Hooli:Vacation                              -5 VACHR

2020-11-05 * "Hooli" "Payroll"
  Assets:US:BofA:Checking                          2550.60 USD
  Income:US:Hooli:Salary                          -4615.38 USD
  Income:US:Hooli:GroupTermLife                     -24.32 USD
  Expenses:Health:Life:GroupTermLife                 24.32 USD
  Expenses:Health:Dental:Insurance                    2.90 USD
  Expenses:Health:Medical:Insurance                  27.38 USD
  Expenses:Health:Vision:Insurance                   42.30 USD
  Expenses:Taxes:Y2020:US:Medicare                  106.62 USD
  Expenses:Taxes:Y2020:US:Federal                  1062.92 USD
  Expenses:Taxes:Y2020:US:State                     365.08 USD
  Expenses:Taxes:Y2020:US:CityNYC                   174.92 USD
  Expenses:Taxes:Y2020:US:SDI                         1.12 USD
  Expenses:Taxes:Y2020:US:SocSec                    281.54 USD
  Assets:US:Federal:PreTax401k                        0.00 IRAUSD
  Assets:US:Hooli:Vacation                               5 VACHR
  Income:US:Hooli:Vacation                              -5 VACHR

2020-11-19 * "Hooli" "Payroll"
  Assets:US:BofA:Checking                          2550.60 USD
  Income:US:Hooli:Salary                          -4615.38 USD
  Income:US:Hooli:GroupTermLife                     -24.32 USD
  Expenses:Health:Life:GroupTermLife                 24.32 USD
  Expenses:Health:Dental:Insurance                    2.90 USD
  Expenses:Health:Medical:Insurance                  27.38 USD
  Expenses:Health:Vision:Insurance                   42.30 USD
  Expenses:Taxes:Y2020:US:Medicare                  106.62 USD
  Expenses:Taxes:Y2020:US:Federal                  1062.92 USD
  Expenses:Taxes:Y2020:US:State                     365.08 USD
  Expenses:Taxes:Y2020:US:CityNYC                   174.92 USD
  Expenses:Taxes:Y2020:US:SDI                         1.12 USD
  Expenses:Taxes:Y2020:US:SocSec                    281.54 USD
  Assets:US:Federal:PreTax401k                        0.00 IRAUSD
  Assets:US:Hooli:Vacation                               5 VACHR
  Income:US:Hooli:Vacation                              -5 VACHR

2020-12-03 * "Hooli" "Payroll"
  Assets:US:BofA:Checking                          2589.06 USD
  Income:US:Hooli:Salary                          -4615.38 USD
  Income:US:Hooli:GroupTermLife                     -24.32 USD
  Expenses:Health:Life:GroupTermLife                 24.32 USD
  Expenses:Health:Dental:Insurance                    2.90 USD
  Expenses:Health:Medical:Insurance                  27.38 USD
  Expenses:Health:Vision:Insurance                   42.30 USD
  Expenses:Taxes:Y2020:US:Medicare                  106.62 USD
  Expenses:Taxes:Y2020:US:Federal                  1062.92 USD
  Expenses:Taxes:Y2020:US:State                     365.08 USD
  Expenses:Taxes:Y2020:US:CityNYC                   174.92 USD
  Expenses:Taxes:Y2020:US:SDI                         1.12 USD
  Expenses:Taxes:Y2020:US:SocSec                    243.08 USD
  Assets:US:Federal:PreTax401k                        0.00 IRAUSD
  Assets:US:Hooli:Vacation                               5 VACHR
  Income:US:Hooli:Vacation                              -5 VACHR

2020-12-17 * "Hooli" "Payroll"
  Assets:US:BofA:Checking                          2832.14 USD
  Income:US:Hooli:Salary                          -4615.38 USD
  Income:US:Hooli:GroupTermLife                     -24.32 USD
  Expenses:Health:Life:GroupTermLife                 24.32 USD
  Expenses:Health:Dental:Insurance                    2.90 USD
  Expenses:Health:Medical:Insurance                  27.38 USD
  Expenses:Health:Vision:Insurance                   42.30 USD
  Expenses:Taxes:Y2020:US:Medicare                  106.62 USD
  Expenses:Taxes:Y2020:US:Federal                  1062.92 USD
  Expenses:Taxes:Y2020:US:State                     365.08 USD
  Expenses:Taxes:Y2020:US:CityNYC                   174.92 USD
  Expenses:Taxes:Y2020:US:SDI                         1.12 USD
  Expenses:Taxes:Y2020:US:SocSec                      0.00 USD
  Assets:US:Federal:PreTax401k                        0.00 IRAUSD
  Assets:US:Hooli:Vacation                               5 VACHR
  Income:US:Hooli:Vacation                              -5 VACHR

2020-12-31 * "Hooli" "Payroll"
  Assets:US:BofA:Checking                          2832.14 USD
  Income:US:Hooli:Salary                          -4615.38 USD
  Income:US:Hooli:GroupTermLife                     -24.32 USD
  Expenses:Health:Life:GroupTermLife                 24.32 USD
  Expenses:Health:Dental:Insurance                    2.90 USD
  Expenses:Health:Medical:Insurance                  27.38 USD
  Expenses:Health:Vision:Insurance                   42.30 USD
  Expenses:Taxes:Y2020:US:Medicare                  106.62 USD
  Expenses:Taxes:Y2020:US:Federal                  1062.92 USD
  Expenses:Taxes:Y2020:US:State                     365.08 USD
  Expenses:Taxes:Y2020:US:CityNYC                   174.92 USD
  Expenses:Taxes:Y2020:US:SDI                         1.12 USD
  Expenses:Taxes:Y2020:US:SocSec                      0.00 USD
  Assets:US:Federal:PreTax401k                        0.00 IRAUSD
  Assets:US:Hooli:Vacation                               5 VACHR
  Income:US:Hooli:Vacation                              -5 VACHR

2021-01-14 * "Hooli" "Payroll"
  Assets:US:BofA:Checking                          1350.60 USD
  Assets:US:Vanguard:Cash                          1200.00 USD
  Income:US:Hooli:Salary                          -4615.38 USD
  Income:US:Hooli:GroupTermLife                     -24.32 USD
  Expenses:Health:Life:GroupTermLife                 24.32 USD
  Expenses:Health:Dental:Insurance                    2.90 USD
  Expenses:Health:Medical:Insurance                  27.38 USD
  Expenses:Health:Vision:Insurance                   42.30 USD
  Expenses:Taxes:Y2021:US:Medicare                  106.62 USD
  Expenses:Taxes:Y2021:US:Federal                  1062.92 USD
  Expenses:Taxes:Y2021:US:State                     365.08 USD
  Expenses:Taxes:Y2021:US:CityNYC                   174.92 USD
  Expenses:Taxes:Y2021:US:SDI                         1.12 USD
  Expenses:Taxes:Y2021:US:SocSec                    281.54 USD
  Assets:US:Federal:PreTax401k                    -1200.00 IRAUSD
  Expenses:Taxes:Y2021:US:Federal:PreTax401k       1200.00 IRAUSD
  Assets:US:Hooli:Vacation                               5 VACHR
  Income:US:Hooli:Vacation                              -5 VACHR

2021-01-28 * "Hooli" "Payroll"
  Assets:US:BofA:Checking                          1350.60 USD
  Assets:US:Vanguard:Cash                          1200.00 USD
  Income:US:Hooli:Salary                          -4615.38 USD
  Income:US:Hooli:GroupTermLife                     -24.32 USD
  Expenses:Health:Life:GroupTermLife                 24.32 USD
  Expenses:Health:Dental:Insurance                    2.90 USD
  Expenses:Health:Medical:Insurance                  27.38 USD
  Expenses:Health:Vision:Insurance                   42.30 USD
  Expenses:Taxes:Y2021:US:Medicare                  106.62 USD
  Expenses:Taxes:Y2021:US:Federal                  1062.92 USD
  Expenses:Taxes:Y2021:US:State                     365.08 USD
  Expenses:Taxes:Y2021:US:CityNYC                   174.92 USD
  Expenses:Taxes:Y2021:US:SDI                         1.12 USD
  Expenses:Taxes:Y2021:US:SocSec                    281.54 USD
  Assets:US:Federal:PreTax401k                    -1200.00 IRAUSD
  Expenses:Taxes:Y2021:US:Federal:PreTax401k       1200.00 IRAUSD
  Assets:US:Hooli:Vacation                               5 VACHR
  Income:US:Hooli:Vacation                              -5 VACHR

2021-02-11 * "Hooli" "Payroll"
  Assets:US:BofA:Checking                          1350.60 USD
  Assets:US:Vanguard:Cash                          1200.00 USD
  Income:US:Hooli:Salary                          -4615.38 USD
  Income:US:Hooli:GroupTermLife                     -24.32 USD
  Expenses:Health:Life:GroupTermLife                 24.32 USD
  Expenses:Health:Dental:Insurance                    2.90 USD
  Expenses:Health:Medical:Insurance                  27.38 USD
  Expenses:Health:Vision:Insurance                   42.30 USD
  Expenses:Taxes:Y2021:US:Medicare                  106.62 USD
  Expenses:Taxes:Y2021:US:Federal                  1062.92 USD
  Expenses:Taxes:Y2021:US:State                     365.08 USD
  Expenses:Taxes:Y2021:US:CityNYC                   174.92 USD
  Expenses:Taxes:Y2021:US:SDI                         1.12 USD
  Expenses:Taxes:Y2021:US:SocSec                    281.54 USD
  Assets:US:Federal:PreTax401k                    -1200.00 IRAUSD
  Expenses:Taxes:Y2021:US:Federal:PreTax401k       1200.00 IRAUSD
  Assets:US:Hooli:Vacation                               5 VACHR
  Income:US:Hooli:Vacation                              -5 VACHR

2021-02-25 * "Hooli" "Payroll"
  Assets:US:BofA:Checking                          1350.60 USD
  Assets:US:Vanguard:Cash                          1200.00 USD
  Income:US:Hooli:Salary                          -4615.38 USD
  Income:US:Hooli:GroupTermLife                     -24.32 USD
  Expenses:Health:Life:GroupTermLife                 24.32 USD
  Expenses:Health:Dental:Insurance                    2.90 USD
  Expenses:Health:Medical:Insurance                  27.38 USD
  Expenses:Health:Vision:Insurance                   42.30 USD
  Expenses:Taxes:Y2021:US:Medicare                  106.62 USD
  Expenses:Taxes:Y2021:US:Federal                  1062.92 USD
  Expenses:Taxes:Y2021:US:State                     365.08 USD
  Expenses:Taxes:Y2021:US:CityNYC                   174.92 USD
  Expenses:Taxes:Y2021:US:SDI                         1.12 USD
  Expenses:Taxes:Y2021:US:SocSec                    281.54 USD
  Assets:US:Federal:PreTax401k                    -1200.00 IRAUSD
  Expenses:Taxes:Y2021:US:Federal:PreTax401k       1200.00 IRAUSD
  Assets:US:Hooli:Vacation                               5 VACHR
  Income:US:Hooli:Vacation                              -5 VACHR

2021-03-11 * "Hooli" "Payroll"
  Assets:US:BofA:Checking                          1350.60 USD
  Assets:US:Vanguard:Cash                          1200.00 USD
  Income:US:Hooli:Salary                          -4615.38 USD
  Income:US:Hooli:GroupTermLife                     -24.32 USD
  Expenses:Health:Life:GroupTermLife                 24.32 USD
  Expenses:Health:Dental:Insurance                    2.90 USD
  Expenses:Health:Medical:Insurance                  27.38 USD
  Expenses:Health:Vision:Insurance                   42.30 USD
  Expenses:Taxes:Y2021:US:Medicare                  106.62 USD
  Expenses:Taxes:Y2021:US:Federal                  1062.92 USD
  Expenses:Taxes:Y2021:US:State                     365.08 USD
  Expenses:Taxes:Y2021:US:CityNYC                   174.92 USD
  Expenses:Taxes:Y2021:US:SDI                         1.12 USD
  Expenses:Taxes:Y2021:US:SocSec                    281.54 USD
  Assets:US:Federal:PreTax401k                    -1200.00 IRAUSD
  Expenses:Taxes:Y2021:US:Federal:PreTax401k       1200.00 IRAUSD
  Assets:US:Hooli:Vacation                               5 VACHR
  Income:US:Hooli:Vacation                              -5 VACHR

2021-03-25 * "Hooli" "Payroll"
  Assets:US:BofA:Checking                          1350.60 USD
  Assets:US:Vanguard:Cash                          1200.00 USD
  Income:US:Hooli:Salary                          -4615.38 USD
  Income:US:Hooli:GroupTermLife                     -24.32 USD
  Expenses:Health:Life:GroupTermLife                 24.32 USD
  Expenses:Health:Dental:Insurance                    2.90 USD
  Expenses:Health:Medical:Insurance                  27.38 USD
  Expenses:Health:Vision:Insurance                   42.30 USD
  Expenses:Taxes:Y2021:US:Medicare                  106.62 USD
  Expenses:Taxes:Y2021:US:Federal                  1062.92 USD
  Expenses:Taxes:Y2021:US:State                     365.08 USD
  Expenses:Taxes:Y2021:US:CityNYC                   174.92 USD
  Expenses:Taxes:Y2021:US:SDI                         1.12 USD
  Expenses:Taxes:Y2021:US:SocSec                    281.54 USD
  Assets:US:Federal:PreTax401k                    -1200.00 IRAUSD
  Expenses:Taxes:Y2021:US:Federal:PreTax401k       1200.00 IRAUSD
  Assets:US:Hooli:Vacation                               5 VACHR
  Income:US:Hooli:Vacation                              -5 VACHR

2021-04-08 * "Hooli" "Payroll"
  Assets:US:BofA:Checking                          1350.60 USD
  Assets:US:Vanguard:Cash                          1200.00 USD
  Income:US:Hooli:Salary                          -4615.38 USD
  Income:US:Hooli:GroupTermLife                     -24.32 USD
  Expenses:Health:Life:GroupTermLife                 24.32 USD
  Expenses:Health:Dental:Insurance                    2.90 USD
  Expenses:Health:Medical:Insurance                  27.38 USD
  Expenses:Health:Vision:Insurance                   42.30 USD
  Expenses:Taxes:Y2021:US:Medicare                  106.62 USD
  Expenses:Taxes:Y2021:US:Federal                  1062.92 USD
  Expenses:Taxes:Y2021:US:State                     365.08 USD
  Expenses:Taxes:Y2021:US:CityNYC                   174.92 USD
  Expenses:Taxes:Y2021:US:SDI                         1.12 USD
  Expenses:Taxes:Y2021:US:SocSec                    281.54 USD
  Assets:US:Federal:PreTax401k                    -1200.00 IRAUSD
  Expenses:Taxes:Y2021:US:Federal:PreTax401k       1200.00 IRAUSD
  Assets:US:Hooli:Vacation                               5 VACHR
  Income:US:Hooli:Vacation                              -5 VACHR

2021-04-22 * "Hooli" "Payroll"
  Assets:US:BofA:Checking                          1350.60 USD
  Assets:US:Vanguard:Cash                          1200.00 USD
  Income:US:Hooli:Salary                          -4615.38 USD
  Income:US:Hooli:GroupTermLife                     -24.32 USD
  Expenses:Health:Life:GroupTermLife                 24.32 USD
  Expenses:Health:Dental:Insurance                    2.90 USD
  Expenses:Health:Medical:Insurance                  27.38 USD
  Expenses:Health:Vision:Insurance                   42.30 USD
  Expenses:Taxes:Y2021:US:Medicare                  106.62 USD
  Expenses:Taxes:Y2021:US:Federal                  1062.92 USD
  Expenses:Taxes:Y2021:US:State                     365.08 USD
  Expenses:Taxes:Y2021:US:CityNYC                   174.92 USD
  Expenses:Taxes:Y2021:US:SDI                         1.12 USD
  Expenses:Taxes:Y2021:US:SocSec                    281.54 USD
  Assets:US:Federal:PreTax401k                    -1200.00 IRAUSD
  Expenses:Taxes:Y2021:US:Federal:PreTax401k       1200.00 IRAUSD
  Assets:US:Hooli:Vacation                               5 VACHR
  Income:US:Hooli:Vacation                              -5 VACHR

2021-05-06 * "Hooli" "Payroll"
  Assets:US:BofA:Checking                          1350.60 USD
  Assets:US:Vanguard:Cash                          1200.00 USD
  Income:US:Hooli:Salary                          -4615.38 USD
  Income:US:Hooli:GroupTermLife                     -24.32 USD
  Expenses:Health:Life:GroupTermLife                 24.32 USD
  Expenses:Health:Dental:Insurance                    2.90 USD
  Expenses:Health:Medical:Insurance                  27.38 USD
  Expenses:Health:Vision:Insurance                   42.30 USD
  Expenses:Taxes:Y2021:US:Medicare                  106.62 USD
  Expenses:Taxes:Y2021:US:Federal                  1062.92 USD
  Expenses:Taxes:Y2021:US:State                     365.08 USD
  Expenses:Taxes:Y2021:US:CityNYC                   174.92 USD
  Expenses:Taxes:Y2021:US:SDI                         1.12 USD
  Expenses:Taxes:Y2021:US:SocSec                    281.54 USD
  Assets:US:Federal:PreTax401k                    -1200.00 IRAUSD
  Expenses:Taxes:Y2021:US:Federal:PreTax401k       1200.00 IRAUSD
  Assets:US:Hooli:Vacation                               5 VACHR
  Income:US:Hooli:Vacation                              -5 VACHR

2021-05-20 * "Hooli" "Payroll"
  Assets:US:BofA:Checking                          1350.60 USD
  Assets:US:Vanguard:Cash                          1200.00 USD
  Income:US:Hooli:Salary                          -4615.38 USD
  Income:US:Hooli:GroupTermLife                     -24.32 USD
  Expenses:Health:Life:GroupTermLife                 24.32 USD
  Expenses:Health:Dental:Insurance                    2.90 USD
  Expenses:Health:Medical:Insurance                  27.38 USD
  Expenses:Health:Vision:Insurance                   42.30 USD
  Expenses:Taxes:Y2021:US:Medicare                  106.62 USD
  Expenses:Taxes:Y2021:US:Federal                  1062.92 USD
  Expenses:Taxes:Y2021:US:State                     365.08 USD
  Expenses:Taxes:Y2021:US:CityNYC                   174.92 USD
  Expenses:Taxes:Y2021:US:SDI                         1.12 USD
  Expenses:Taxes:Y2021:US:SocSec                    281.54 USD
  Assets:US:Federal:PreTax401k                    -1200.00 IRAUSD
  Expenses:Taxes:Y2021:US:Federal:PreTax401k       1200.00 IRAUSD
  Assets:US:Hooli:Vacation                               5 VACHR
  Income:US:Hooli:Vacation                              -5 VACHR

2021-06-03 * "Hooli" "Payroll"
  Assets:US:BofA:Checking                          1350.60 USD
  Assets:US:Vanguard:Cash                          1200.00 USD
  Income:US:Hooli:Salary                          -4615.38 USD
  Income:US:Hooli:GroupTermLife                     -24.32 USD
  Expenses:Health:Life:GroupTermLife                 24.32 USD
  Expenses:Health:Dental:Insurance                    2.90 USD
  Expenses:Health:Medical:Insurance                  27.38 USD
  Expenses:Health:Vision:Insurance                   42.30 USD
  Expenses:Taxes:Y2021:US:Medicare                  106.62 USD
  Expenses:Taxes:Y2021:US:Federal                  1062.92 USD
  Expenses:Taxes:Y2021:US:State                     365.08 USD
  Expenses:Taxes:Y2021:US:CityNYC                   174.92 USD
  Expenses:Taxes:Y2021:US:SDI                         1.12 USD
  Expenses:Taxes:Y2021:US:SocSec                    281.54 USD
  Assets:US:Federal:PreTax401k                    -1200.00 IRAUSD
  Expenses:Taxes:Y2021:US:Federal:PreTax401k       1200.00 IRAUSD
  Assets:US:Hooli:Vacation                               5 VACHR
  Income:US:Hooli:Vacation                              -5 VACHR

2021-06-17 * "Hooli" "Payroll"
  Assets:US:BofA:Checking                          1350.60 USD
  Assets:US:Vanguard:Cash                          1200.00 USD
  Income:US:Hooli:Salary                          -4615.38 USD
  Income:US:Hooli:GroupTermLife                     -24.32 USD
  Expenses:Health:Life:GroupTermLife                 24.32 USD
  Expenses:Health:Dental:Insurance                    2.90 USD
  Expenses:Health:Medical:Insurance                  27.38 USD
  Expenses:Health:Vision:Insurance                   42.30 USD
  Expenses:Taxes:Y2021:US:Medicare                  106.62 USD
  Expenses:Taxes:Y2021:US:Federal                  1062.92 USD
  Expenses:Taxes:Y2021:US:State                     365.08 USD
  Expenses:Taxes:Y2021:US:CityNYC                   174.92 USD
  Expenses:Taxes:Y2021:US:SDI                         1.12 USD
  Expenses:Taxes:Y2021:US:SocSec                    281.54 USD
  Assets:US:Federal:PreTax401k                    -1200.00 IRAUSD
  Expenses:Taxes:Y2021:US:Federal:PreTax401k       1200.00 IRAUSD
  Assets:US:Hooli:Vacation                               5 VACHR
  Income:US:Hooli:Vacation                              -5 VACHR

2021-07-01 * "Hooli" "Payroll"
  Assets:US:BofA:Checking                          1350.60 USD
  Assets:US:Vanguard:Cash                          1200.00 USD
  Income:US:Hooli:Salary                          -4615.38 USD
  Income:US:Hooli:GroupTermLife                     -24.32 USD
  Expenses:Health:Life:GroupTermLife                 24.32 USD
  Expenses:Health:Dental:Insurance                    2.90 USD
  Expenses:Health:Medical:Insurance                  27.38 USD
  Expenses:Health:Vision:Insurance                   42.30 USD
  Expenses:Taxes:Y2021:US:Medicare                  106.62 USD
  Expenses:Taxes:Y2021:US:Federal                  1062.92 USD
  Expenses:Taxes:Y2021:US:State                     365.08 USD
  Expenses:Taxes:Y2021:US:CityNYC                   174.92 USD
  Expenses:Taxes:Y2021:US:SDI                         1.12 USD
  Expenses:Taxes:Y2021:US:SocSec                    281.54 USD
  Assets:US:Federal:PreTax401k                    -1200.00 IRAUSD
  Expenses:Taxes:Y2021:US:Federal:PreTax401k       1200.00 IRAUSD
  Assets:US:Hooli:Vacation                               5 VACHR
  Income:US:Hooli:Vacation                              -5 VACHR

2021-07-15 * "Hooli" "Payroll"
  Assets:US:BofA:Checking                          1350.60 USD
  Assets:US:Vanguard:Cash                          1200.00 USD
  Income:US:Hooli:Salary                          -4615.38 USD
  Income:US:Hooli:GroupTermLife                     -24.32 USD
  Expenses:Health:Life:GroupTermLife                 24.32 USD
  Expenses:Health:Dental:Insurance                    2.90 USD
  Expenses:Health:Medical:Insurance                  27.38 USD
  Expenses:Health:Vision:Insurance                   42.30 USD
  Expenses:Taxes:Y2021:US:Medicare                  106.62 USD
  Expenses:Taxes:Y2021:US:Federal                  1062.92 USD
  Expenses:Taxes:Y2021:US:State                     365.08 USD
  Expenses:Taxes:Y2021:US:CityNYC                   174.92 USD
  Expenses:Taxes:Y2021:US:SDI                         1.12 USD
  Expenses:Taxes:Y2021:US:SocSec                    281.54 USD
  Assets:US:Federal:PreTax401k                    -1200.00 IRAUSD
  Expenses:Taxes:Y2021:US:Federal:PreTax401k       1200.00 IRAUSD
  Assets:US:Hooli:Vacation                               5 VACHR
  Income:US:Hooli:Vacation                              -5 VACHR

2021-07-29 * "Hooli" "Payroll"
  Assets:US:BofA:Checking                          1350.60 USD
  Assets:US:Vanguard:Cash                          1200.00 USD
  Income:US:Hooli:Salary                          -4615.38 USD
  Income:US:Hooli:GroupTermLife                     -24.32 USD
  Expenses:Health:Life:GroupTermLife                 24.32 USD
  Expenses:Health:Dental:Insurance                    2.90 USD
  Expenses:Health:Medical:Insurance                  27.38 USD
  Expenses:Health:Vision:Insurance                   42.30 USD
  Expenses:Taxes:Y2021:US:Medicare                  106.62 USD
  Expenses:Taxes:Y2021:US:Federal                  1062.92 USD
  Expenses:Taxes:Y2021:US:State                     365.08 USD
  Expenses:Taxes:Y2021:US:CityNYC                   174.92 USD
  Expenses:Taxes:Y2021:US:SDI                         1.12 USD
  Expenses:Taxes:Y2021:US:SocSec                    281.54 USD
  Assets:US:Federal:PreTax401k                    -1200.00 IRAUSD
  Expenses:Taxes:Y2021:US:Federal:PreTax401k       1200.00 IRAUSD
  Assets:US:Hooli:Vacation                               5 VACHR
  Income:US:Hooli:Vacation                              -5 VACHR

2021-08-12 * "Hooli" "Payroll"
  Assets:US:BofA:Checking                          2050.60 USD
  Assets:US:Vanguard:Cash                           500.00 USD
  Income:US:Hooli:Salary                          -4615.38 USD
  Income:US:Hooli:GroupTermLife                     -24.32 USD
  Expenses:Health:Life:GroupTermLife                 24.32 USD
  Expenses:Health:Dental:Insurance                    2.90 USD
  Expenses:Health:Medical:Insurance                  27.38 USD
  Expenses:Health:Vision:Insurance                   42.30 USD
  Expenses:Taxes:Y2021:US:Medicare                  106.62 USD
  Expenses:Taxes:Y2021:US:Federal                  1062.92 USD
  Expenses:Taxes:Y2021:US:State                     365.08 USD
  Expenses:Taxes:Y2021:US:CityNYC                   174.92 USD
  Expenses:Taxes:Y2021:US:SDI                         1.12 USD
  Expenses:Taxes:Y2021:US:SocSec                    281.54 USD
  Assets:US:Federal:PreTax401k                     -500.00 IRAUSD
  Expenses:Taxes:Y2021:US:Federal:PreTax401k        500.00 IRAUSD
  Assets:US:Hooli:Vacation                               5 VACHR
  Income:US:Hooli:Vacation                              -5 VACHR

2021-08-26 * "Hooli" "Payroll"
  Assets:US:BofA:Checking                          2550.60 USD
  Income:US:Hooli:Salary                          -4615.38 USD
  Income:US:Hooli:GroupTermLife                     -24.32 USD
  Expenses:Health:Life:GroupTermLife                 24.32 USD
  Expenses:Health:Dental:Insurance                    2.90 USD
  Expenses:Health:Medical:Insurance                  27.38 USD
  Expenses:Health:Vision:Insurance                   42.30 USD
  Expenses:Taxes:Y2021:US:Medicare                  106.62 USD
  Expenses:Taxes:Y2021:US:Federal                  1062.92 USD
  Expenses:Taxes:Y2021:US:State                     365.08 USD
  Expenses:Taxes:Y2021:US:CityNYC                   174.92 USD
  Expenses:Taxes:Y2021:US:SDI                         1.12 USD
  Expenses:Taxes:Y2021:US:SocSec                    281.54 USD
  Assets:US:Federal:PreTax401k                        0.00 IRAUSD
  Assets:US:Hooli:Vacation                               5 VACHR
  Income:US:Hooli:Vacation                              -5 VACHR

2021-09-09 * "Hooli" "Payroll"
  Assets:US:BofA:Checking                          2550.60 USD
  Income:US:Hooli:Salary                          -4615.38 USD
  Income:US:Hooli:GroupTermLife                     -24.32 USD
  Expenses:Health:Life:GroupTermLife                 24.32 USD
  Expenses:Health:Dental:Insurance                    2.90 USD
  Expenses:Health:Medical:Insurance                  27.38 USD
  Expenses:Health:Vision:Insurance                   42.30 USD
  Expenses:Taxes:Y2021:US:Medicare                  106.62 USD
  Expenses:Taxes:Y2021:US:Federal                  1062.92 USD
  Expenses:Taxes:Y2021:US:State                     365.08 USD
  Expenses:Taxes:Y2021:US:CityNYC                   174.92 USD
  Expenses:Taxes:Y2021:US:SDI                         1.12 USD
  Expenses:Taxes:Y2021:US:SocSec                    281.54 USD
  Assets:US:Federal:PreTax401k                        0.00 IRAUSD
  Assets:US:Hooli:Vacation                               5 VACHR
  Income:US:Hooli:Vacation                              -5 VACHR

2021-09-23 * "Hooli" "Payroll"
  Assets:US:BofA:Checking                          2550.60 USD
  Income:US:Hooli:Salary                          -4615.38 USD
  Income:US:Hooli:GroupTermLife                     -24.32 USD
  Expenses:Health:Life:GroupTermLife                 24.32 USD
  Expenses:Health:Dental:Insurance                    2.90 USD
  Expenses:Health:Medical:Insurance                  27.38 USD
  Expenses:Health:Vision:Insurance                   42.30 USD
  Expenses:Taxes:Y2021:US:Medicare                  106.62 USD
  Expenses:Taxes:Y2021:US:Federal                  1062.92 USD
  Expenses:Taxes:Y2021:US:State                     365.08 USD
  Expenses:Taxes:Y2021:US:CityNYC                   174.92 USD
  Expenses:Taxes:Y2021:US:SDI                         1.12 USD
  Expenses:Taxes:Y2021:US:SocSec                    281.54 USD
  Assets:US:Federal:PreTax401k                        0.00 IRAUSD
  Assets:US:Hooli:Vacation                               5 VACHR
  Income:US:Hooli:Vacation                              -5 VACHR

2021-10-07 * "Hooli" "Payroll"
  Assets:US:BofA:Checking                          2550.60 USD
  Income:US:Hooli:Salary                          -4615.38 USD
  Income:US:Hooli:GroupTermLife                     -24.32 USD
  Expenses:Health:Life:GroupTermLife                 24.32 USD
  Expenses:Health:Dental:Insurance                    2.90 USD
  Expenses:Health:Medical:Insurance                  27.38 USD
  Expenses:Health:Vision:Insurance                   42.30 USD
  Expenses:Taxes:Y2021:US:Medicare                  106.62 USD
  Expenses:Taxes:Y2021:US:Federal                  1062.92 USD
  Expenses:Taxes:Y2021:US:State                     365.08 USD
  Expenses:Taxes:Y2021:US:CityNYC                   174.92 USD
  Expenses:Taxes:Y2021:US:SDI                         1.12 USD
  Expenses:Taxes:Y2021:US:SocSec                    281.54 USD
  Assets:US:Federal:PreTax401k                        0.00 IRAUSD
  Assets:US:Hooli:Vacation                               5 VACHR
  Income:US:Hooli:Vacation                              -5 VACHR

2021-10-21 * "Hooli" "Payroll"
  Assets:US:BofA:Checking                          2550.60 USD
  Income:US:Hooli:Salary                          -4615.38 USD
  Income:US:Hooli:GroupTermLife                     -24.32 USD
  Expenses:Health:Life:GroupTermLife                 24.32 USD
  Expenses:Health:Dental:Insurance                    2.90 USD
  Expenses:Health:Medical:Insurance                  27.38 USD
  Expenses:Health:Vision:Insurance                   42.30 USD
  Expenses:Taxes:Y2021:US:Medicare                  106.62 USD
  Expenses:Taxes:Y2021:US:Federal                  1062.92 USD
  Expenses:Taxes:Y2021:US:State                     365.08 USD
  Expenses:Taxes:Y2021:US:CityNYC                   174.92 USD
  Expenses:Taxes:Y2021:US:SDI                         1.12 USD
  Expenses:Taxes:Y2021:US:SocSec                    281.54 USD
  Assets:US:Federal:PreTax401k                        0.00 IRAUSD
  Assets:US:Hooli:Vacation                               5 VACHR
  Income:US:Hooli:Vacation                              -5 VACHR

2021-11-04 * "Hooli" "Payroll"
  Assets:US:BofA:Checking                          2550.60 USD
  Income:US:Hooli:Salary                          -4615.38 USD
  Income:US:Hooli:GroupTermLife                     -24.32 USD
  Expenses:Health:Life:GroupTermLife                 24.32 USD
  Expenses:Health:Dental:Insurance                    2.90 USD
  Expenses:Health:Medical:Insurance                  27.38 USD
  Expenses:Health:Vision:Insurance                   42.30 USD
  Expenses:Taxes:Y2021:US:Medicare                  106.62 USD
  Expenses:Taxes:Y2021:US:Federal                  1062.92 USD
  Expenses:Taxes:Y2021:US:State                     365.08 USD
  Expenses:Taxes:Y2021:US:CityNYC                   174.92 USD
  Expenses:Taxes:Y2021:US:SDI                         1.12 USD
  Expenses:Taxes:Y2021:US:SocSec                    281.54 USD
  Assets:US:Federal:PreTax401k                        0.00 IRAUSD
  Assets:US:Hooli:Vacation                               5 VACHR
  Income:US:Hooli:Vacation                              -5 VACHR

2021-11-18 * "Hooli" "Payroll"
  Assets:US:BofA:Checking                          2550.60 USD
  Income:US:Hooli:Salary                          -4615.38 USD
  Income:US:Hooli:GroupTermLife                     -24.32 USD
  Expenses:Health:Life:GroupTermLife                 24.32 USD
  Expenses:Health:Dental:Insurance                    2.90 USD
  Expenses:Health:Medical:Insurance                  27.38 USD
  Expenses:Health:Vision:Insurance                   42.30 USD
  Expenses:Taxes:Y2021:US:Medicare                  106.62 USD
  Expenses:Taxes:Y2021:US:Federal                  1062.92 USD
  Expenses:Taxes:Y2021:US:State                     365.08 USD
  Expenses:Taxes:Y2021:US:CityNYC                   174.92 USD
  Expenses:Taxes:Y2021:US:SDI                         1.12 USD
  Expenses:Taxes:Y2021:US:SocSec                    281.54 USD
  Assets:US:Federal:PreTax401k                        0.00 IRAUSD
  Assets:US:Hooli:Vacation                               5 VACHR
  Income:US:Hooli:Vacation                              -5 VACHR

2021-12-02 * "Hooli" "Payroll"
  Assets:US:BofA:Checking                          2550.60 USD
  Income:US:Hooli:Salary                          -4615.38 USD
  Income:US:Hooli:GroupTermLife                     -24.32 USD
  Expenses:Health:Life:GroupTermLife                 24.32 USD
  Expenses:Health:Dental:Insurance                    2.90 USD
  Expenses:Health:Medical:Insurance                  27.38 USD
  Expenses:Health:Vision:Insurance                   42.30 USD
  Expenses:Taxes:Y2021:US:Medicare                  106.62 USD
  Expenses:Taxes:Y2021:US:Federal                  1062.92 USD
  Expenses:Taxes:Y2021:US:State                     365.08 USD
  Expenses:Taxes:Y2021:US:CityNYC                   174.92 USD
  Expenses:Taxes:Y2021:US:SDI                         1.12 USD
  Expenses:Taxes:Y2021:US:SocSec                    281.54 USD
  Assets:US:Federal:PreTax401k                        0.00 IRAUSD
  Assets:US:Hooli:Vacation                               5 VACHR
  Income:US:Hooli:Vacation                              -5 VACHR

2021-12-16 * "Hooli" "Payroll"
  Assets:US:BofA:Checking                          2589.06 USD
  Income:US:Hooli:Salary                          -4615.38 USD
  Income:US:Hooli:GroupTermLife                     -24.32 USD
  Expenses:Health:Life:GroupTermLife                 24.32 USD
  Expenses:Health:Dental:Insurance                    2.90 USD
  Expenses:Health:Medical:Insurance                  27.38 USD
  Expenses:Health:Vision:Insurance                   42.30 USD
  Expenses:Taxes:Y2021:US:Medicare                  106.62 USD
  Expenses:Taxes:Y2021:US:Federal                  1062.92 USD
  Expenses:Taxes:Y2021:US:State                     365.08 USD
  Expenses:Taxes:Y2021:US:CityNYC                   174.92 USD
  Expenses:Taxes:Y2021:US:SDI                         1.12 USD
  Expenses:Taxes:Y2021:US:SocSec                    243.08 USD
  Assets:US:Federal:PreTax401k                        0.00 IRAUSD
  Assets:US:Hooli:Vacation                               5 VACHR
  Income:US:Hooli:Vacation                              -5 VACHR

2021-12-30 * "Hooli" "Payroll"
  Assets:US:BofA:Checking                          2832.14 USD
  Income:US:Hooli:Salary                          -4615.38 USD
  Income:US:Hooli:GroupTermLife                     -24.32 USD
  Expenses:Health:Life:GroupTermLife                 24.32 USD
  Expenses:Health:Dental:Insurance                    2.90 USD
  Expenses:Health:Medical:Insurance                  27.38 USD
  Expenses:Health:Vision:Insurance                   42.30 USD
  Expenses:Taxes:Y2021:US:Medicare                  106.62 USD
  Expenses:Taxes:Y2021:US:Federal                  1062.92 USD
  Expenses:Taxes:Y2021:US:State                     365.08 USD
  Expenses:Taxes:Y2021:US:CityNYC                   174.92 USD
  Expenses:Taxes:Y2021:US:SDI                         1.12 USD
  Expenses:Taxes:Y2021:US:SocSec                      0.00 USD
  Assets:US:Federal:PreTax401k                        0.00 IRAUSD
  Assets:US:Hooli:Vacation                               5 VACHR
  Income:US:Hooli:Vacation                              -5 VACHR

2022-01-13 * "Hooli" "Payroll"
  Assets:US:BofA:Checking                          1350.60 USD
  Assets:US:Vanguard:Cash                          1200.00 USD
  Income:US:Hooli:Salary                          -4615.38 USD
  Income:US:Hooli:GroupTermLife                     -24.32 USD
  Expenses:Health:Life:GroupTermLife                 24.32 USD
  Expenses:Health:Dental:Insurance                    2.90 USD
  Expenses:Health:Medical:Insurance                  27.38 USD
  Expenses:Health:Vision:Insurance                   42.30 USD
  Expenses:Taxes:Y2022:US:Medicare                  106.62 USD
  Expenses:Taxes:Y2022:US:Federal                  1062.92 USD
  Expenses:Taxes:Y2022:US:State                     365.08 USD
  Expenses:Taxes:Y2022:US:CityNYC                   174.92 USD
  Expenses:Taxes:Y2022:US:SDI                         1.12 USD
  Expenses:Taxes:Y2022:US:SocSec                    281.54 USD
  Assets:US:Federal:PreTax401k                    -1200.00 IRAUSD
  Expenses:Taxes:Y2022:US:Federal:PreTax401k       1200.00 IRAUSD
  Assets:US:Hooli:Vacation                               5 VACHR
  Income:US:Hooli:Vacation                              -5 VACHR

2022-01-27 * "Hooli" "Payroll"
  Assets:US:BofA:Checking                          1350.60 USD
  Assets:US:Vanguard:Cash                          1200.00 USD
  Income:US:Hooli:Salary                          -4615.38 USD
  Income:US:Hooli:GroupTermLife                     -24.32 USD
  Expenses:Health:Life:GroupTermLife                 24.32 USD
  Expenses:Health:Dental:Insurance                    2.90 USD
  Expenses:Health:Medical:Insurance                  27.38 USD
  Expenses:Health:Vision:Insurance                   42.30 USD
  Expenses:Taxes:Y2022:US:Medicare                  106.62 USD
  Expenses:Taxes:Y2022:US:Federal                  1062.92 USD
  Expenses:Taxes:Y2022:US:State                     365.08 USD
  Expenses:Taxes:Y2022:US:CityNYC                   174.92 USD
  Expenses:Taxes:Y2022:US:SDI                         1.12 USD
  Expenses:Taxes:Y2022:US:SocSec                    281.54 USD
  Assets:US:Federal:PreTax401k                    -1200.00 IRAUSD
  Expenses:Taxes:Y2022:US:Federal:PreTax401k       1200.00 IRAUSD
  Assets:US:Hooli:Vacation                               5 VACHR
  Income:US:Hooli:Vacation                              -5 VACHR

2022-02-10 * "Hooli" "Payroll"
  Assets:US:BofA:Checking                          1350.60 USD
  Assets:US:Vanguard:Cash                          1200.00 USD
  Income:US:Hooli:Salary                          -4615.38 USD
  Income:US:Hooli:GroupTermLife                     -24.32 USD
  Expenses:Health:Life:GroupTermLife                 24.32 USD
  Expenses:Health:Dental:Insurance                    2.90 USD
  Expenses:Health:Medical:Insurance                  27.38 USD
  Expenses:Health:Vision:Insurance                   42.30 USD
  Expenses:Taxes:Y2022:US:Medicare                  106.62 USD
  Expenses:Taxes:Y2022:US:Federal                  1062.92 USD
  Expenses:Taxes:Y2022:US:State                     365.08 USD
  Expenses:Taxes:Y2022:US:CityNYC                   174.92 USD
  Expenses:Taxes:Y2022:US:SDI                         1.12 USD
  Expenses:Taxes:Y2022:US:SocSec                    281.54 USD
  Assets:US:Federal:PreTax401k                    -1200.00 IRAUSD
  Expenses:Taxes:Y2022:US:Federal:PreTax401k       1200.00 IRAUSD
  Assets:US:Hooli:Vacation                               5 VACHR
  Income:US:Hooli:Vacation                              -5 VACHR

2022-02-24 * "Hooli" "Payroll"
  Assets:US:BofA:Checking                          1350.60 USD
  Assets:US:Vanguard:Cash                          1200.00 USD
  Income:US:Hooli:Salary                          -4615.38 USD
  Income:US:Hooli:GroupTermLife                     -24.32 USD
  Expenses:Health:Life:GroupTermLife                 24.32 USD
  Expenses:Health:Dental:Insurance                    2.90 USD
  Expenses:Health:Medical:Insurance                  27.38 USD
  Expenses:Health:Vision:Insurance                   42.30 USD
  Expenses:Taxes:Y2022:US:Medicare                  106.62 USD
  Expenses:Taxes:Y2022:US:Federal                  1062.92 USD
  Expenses:Taxes:Y2022:US:State                     365.08 USD
  Expenses:Taxes:Y2022:US:CityNYC                   174.92 USD
  Expenses:Taxes:Y2022:US:SDI                         1.12 USD
  Expenses:Taxes:Y2022:US:SocSec                    281.54 USD
  Assets:US:Federal:PreTax401k                    -1200.00 IRAUSD
  Expenses:Taxes:Y2022:US:Federal:PreTax401k       1200.00 IRAUSD
  Assets:US:Hooli:Vacation                               5 VACHR
  Income:US:Hooli:Vacation                              -5 VACHR

2022-03-10 * "Hooli" "Payroll"
  Assets:US:BofA:Checking                          1350.60 USD
  Assets:US:Vanguard:Cash                          1200.00 USD
  Income:US:Hooli:Salary                          -4615.38 USD
  Income:US:Hooli:GroupTermLife                     -24.32 USD
  Expenses:Health:Life:GroupTermLife                 24.32 USD
  Expenses:Health:Dental:Insurance                    2.90 USD
  Expenses:Health:Medical:Insurance                  27.38 USD
  Expenses:Health:Vision:Insurance                   42.30 USD
  Expenses:Taxes:Y2022:US:Medicare                  106.62 USD
  Expenses:Taxes:Y2022:US:Federal                  1062.92 USD
  Expenses:Taxes:Y2022:US:State                     365.08 USD
  Expenses:Taxes:Y2022:US:CityNYC                   174.92 USD
  Expenses:Taxes:Y2022:US:SDI                         1.12 USD
  Expenses:Taxes:Y2022:US:SocSec                    281.54 USD
  Assets:US:Federal:PreTax401k                    -1200.00 IRAUSD
  Expenses:Taxes:Y2022:US:Federal:PreTax401k       1200.00 IRAUSD
  Assets:US:Hooli:Vacation                               5 VACHR
  Income:US:Hooli:Vacation                              -5 VACHR

2022-03-24 * "Hooli" "Payroll"
  Assets:US:BofA:Checking                          1350.60 USD
  Assets:US:Vanguard:Cash                          1200.00 USD
  Income:US:Hooli:Salary                          -4615.38 USD
  Income:US:Hooli:GroupTermLife                     -24.32 USD
  Expenses:Health:Life:GroupTermLife                 24.32 USD
  Expenses:Health:Dental:Insurance                    2.90 USD
  Expenses:Health:Medical:Insurance                  27.38 USD
  Expenses:Health:Vision:Insurance                   42.30 USD
  Expenses:Taxes:Y2022:US:Medicare                  106.62 USD
  Expenses:Taxes:Y2022:US:Federal                  1062.92 USD
  Expenses:Taxes:Y2022:US:State                     365.08 USD
  Expenses:Taxes:Y2022:US:CityNYC                   174.92 USD
  Expenses:Taxes:Y2022:US:SDI                         1.12 USD
  Expenses:Taxes:Y2022:US:SocSec                    281.54 USD
  Assets:US:Federal:PreTax401k                    -1200.00 IRAUSD
  Expenses:Taxes:Y2022:US:Federal:PreTax401k       1200.00 IRAUSD
  Assets:US:Hooli:Vacation                               5 VACHR
  Income:US:Hooli:Vacation                              -5 VACHR

2022-04-07 * "Hooli" "Payroll"
  Assets:US:BofA:Checking                          1350.60 USD
  Assets:US:Vanguard:Cash                          1200.00 USD
  Income:US:Hooli:Salary                          -4615.38 USD
  Income:US:Hooli:GroupTermLife                     -24.32 USD
  Expenses:Health:Life:GroupTermLife                 24.32 USD
  Expenses:Health:Dental:Insurance                    2.90 USD
  Expenses:Health:Medical:Insurance                  27.38 USD
  Expenses:Health:Vision:Insurance                   42.30 USD
  Expenses:Taxes:Y2022:US:Medicare                  106.62 USD
  Expenses:Taxes:Y2022:US:Federal                  1062.92 USD
  Expenses:Taxes:Y2022:US:State                     365.08 USD
  Expenses:Taxes:Y2022:US:CityNYC                   174.92 USD
  Expenses:Taxes:Y2022:US:SDI                         1.12 USD
  Expenses:Taxes:Y2022:US:SocSec                    281.54 USD
  Assets:US:Federal:PreTax401k                    -1200.00 IRAUSD
  Expenses:Taxes:Y2022:US:Federal:PreTax401k       1200.00 IRAUSD
  Assets:US:Hooli:Vacation                               5 VACHR
  Income:US:Hooli:Vacation                              -5 VACHR

2022-04-21 * "Hooli" "Payroll"
  Assets:US:BofA:Checking                          1350.60 USD
  Assets:US:Vanguard:Cash                          1200.00 USD
  Income:US:Hooli:Salary                          -4615.38 USD
  Income:US:Hooli:GroupTermLife                     -24.32 USD
  Expenses:Health:Life:GroupTermLife                 24.32 USD
  Expenses:Health:Dental:Insurance                    2.90 USD
  Expenses:Health:Medical:Insurance                  27.38 USD
  Expenses:Health:Vision:Insurance                   42.30 USD
  Expenses:Taxes:Y2022:US:Medicare                  106.62 USD
  Expenses:Taxes:Y2022:US:Federal                  1062.92 USD
  Expenses:Taxes:Y2022:US:State                     365.08 USD
  Expenses:Taxes:Y2022:US:CityNYC                   174.92 USD
  Expenses:Taxes:Y2022:US:SDI                         1.12 USD
  Expenses:Taxes:Y2022:US:SocSec                    281.54 USD
  Assets:US:Federal:PreTax401k                    -1200.00 IRAUSD
  Expenses:Taxes:Y2022:US:Federal:PreTax401k       1200.00 IRAUSD
  Assets:US:Hooli:Vacation                               5 VACHR
  Income:US:Hooli:Vacation                              -5 VACHR

2022-05-05 * "Hooli" "Payroll"
  Assets:US:BofA:Checking                          1350.60 USD
  Assets:US:Vanguard:Cash                          1200.00 USD
  Income:US:Hooli:Salary                          -4615.38 USD
  Income:US:Hooli:GroupTermLife                     -24.32 USD
  Expenses:Health:Life:GroupTermLife                 24.32 USD
  Expenses:Health:Dental:Insurance                    2.90 USD
  Expenses:Health:Medical:Insurance                  27.38 USD
  Expenses:Health:Vision:Insurance                   42.30 USD
  Expenses:Taxes:Y2022:US:Medicare                  106.62 USD
  Expenses:Taxes:Y2022:US:Federal                  1062.92 USD
  Expenses:Taxes:Y2022:US:State                     365.08 USD
  Expenses:Taxes:Y2022:US:CityNYC                   174.92 USD
  Expenses:Taxes:Y2022:US:SDI                         1.12 USD
  Expenses:Taxes:Y2022:US:SocSec                    281.54 USD
  Assets:US:Federal:PreTax401k                    -1200.00 IRAUSD
  Expenses:Taxes:Y2022:US:Federal:PreTax401k       1200.00 IRAUSD
  Assets:US:Hooli:Vacation                               5 VACHR
  Income:US:Hooli:Vacation                              -5 VACHR

2022-05-19 * "Hooli" "Payroll"
  Assets:US:BofA:Checking                          1350.60 USD
  Assets:US:Vanguard:Cash                          1200.00 USD
  Income:US:Hooli:Salary                          -4615.38 USD
  Income:US:Hooli:GroupTermLife                     -24.32 USD
  Expenses:Health:Life:GroupTermLife                 24.32 USD
  Expenses:Health:Dental:Insurance                    2.90 USD
  Expenses:Health:Medical:Insurance                  27.38 USD
  Expenses:Health:Vision:Insurance                   42.30 USD
  Expenses:Taxes:Y2022:US:Medicare                  106.62 USD
  Expenses:Taxes:Y2022:US:Federal                  1062.92 USD
  Expenses:Taxes:Y2022:US:State                     365.08 USD
  Expenses:Taxes:Y2022:US:CityNYC                   174.92 USD
  Expenses:Taxes:Y2022:US:SDI                         1.12 USD
  Expenses:Taxes:Y2022:US:SocSec                    281.54 USD
  Assets:US:Federal:PreTax401k                    -1200.00 IRAUSD
  Expenses:Taxes:Y2022:US:Federal:PreTax401k       1200.00 IRAUSD
  Assets:US:Hooli:Vacation                               5 VACHR
  Income:US:Hooli:Vacation                              -5 VACHR

2022-06-02 * "Hooli" "Payroll"
  Assets:US:BofA:Checking                          1350.60 USD
  Assets:US:Vanguard:Cash                          1200.00 USD
  Income:US:Hooli:Salary                          -4615.38 USD
  Income:US:Hooli:GroupTermLife                     -24.32 USD
  Expenses:Health:Life:GroupTermLife                 24.32 USD
  Expenses:Health:Dental:Insurance                    2.90 USD
  Expenses:Health:Medical:Insurance                  27.38 USD
  Expenses:Health:Vision:Insurance                   42.30 USD
  Expenses:Taxes:Y2022:US:Medicare                  106.62 USD
  Expenses:Taxes:Y2022:US:Federal                  1062.92 USD
  Expenses:Taxes:Y2022:US:State                     365.08 USD
  Expenses:Taxes:Y2022:US:CityNYC                   174.92 USD
  Expenses:Taxes:Y2022:US:SDI                         1.12 USD
  Expenses:Taxes:Y2022:US:SocSec                    281.54 USD
  Assets:US:Federal:PreTax401k                    -1200.00 IRAUSD
  Expenses:Taxes:Y2022:US:Federal:PreTax401k       1200.00 IRAUSD
  Assets:US:Hooli:Vacation                               5 VACHR
  Income:US:Hooli:Vacation                              -5 VACHR

2022-06-16 * "Hooli" "Payroll"
  Assets:US:BofA:Checking                          1350.60 USD
  Assets:US:Vanguard:Cash                          1200.00 USD
  Income:US:Hooli:Salary                          -4615.38 USD
  Income:US:Hooli:GroupTermLife                     -24.32 USD
  Expenses:Health:Life:GroupTermLife                 24.32 USD
  Expenses:Health:Dental:Insurance                    2.90 USD
  Expenses:Health:Medical:Insurance                  27.38 USD
  Expenses:Health:Vision:Insurance                   42.30 USD
  Expenses:Taxes:Y2022:US:Medicare                  106.62 USD
  Expenses:Taxes:Y2022:US:Federal                  1062.92 USD
  Expenses:Taxes:Y2022:US:State                     365.08 USD
  Expenses:Taxes:Y2022:US:CityNYC                   174.92 USD
  Expenses:Taxes:Y2022:US:SDI                         1.12 USD
  Expenses:Taxes:Y2022:US:SocSec                    281.54 USD
  Assets:US:Federal:PreTax401k                    -1200.00 IRAUSD
  Expenses:Taxes:Y2022:US:Federal:PreTax401k       1200.00 IRAUSD
  Assets:US:Hooli:Vacation                               5 VACHR
  Income:US:Hooli:Vacation                              -5 VACHR

2022-06-30 * "Hooli" "Payroll"
  Assets:US:BofA:Checking                          1350.60 USD
  Assets:US:Vanguard:Cash                          1200.00 USD
  Income:US:Hooli:Salary                          -4615.38 USD
  Income:US:Hooli:GroupTermLife                     -24.32 USD
  Expenses:Health:Life:GroupTermLife                 24.32 USD
  Expenses:Health:Dental:Insurance                    2.90 USD
  Expenses:Health:Medical:Insurance                  27.38 USD
  Expenses:Health:Vision:Insurance                   42.30 USD
  Expenses:Taxes:Y2022:US:Medicare                  106.62 USD
  Expenses:Taxes:Y2022:US:Federal                  1062.92 USD
  Expenses:Taxes:Y2022:US:State                     365.08 USD
  Expenses:Taxes:Y2022:US:CityNYC                   174.92 USD
  Expenses:Taxes:Y2022:US:SDI                         1.12 USD
  Expenses:Taxes:Y2022:US:SocSec                    281.54 USD
  Assets:US:Federal:PreTax401k                    -1200.00 IRAUSD
  Expenses:Taxes:Y2022:US:Federal:PreTax401k       1200.00 IRAUSD
  Assets:US:Hooli:Vacation                               5 VACHR
  Income:US:Hooli:Vacation                              -5 VACHR

2022-07-14 * "Hooli" "Payroll"
  Assets:US:BofA:Checking                          1350.60 USD
  Assets:US:Vanguard:Cash                          1200.00 USD
  Income:US:Hooli:Salary                          -4615.38 USD
  Income:US:Hooli:GroupTermLife                     -24.32 USD
  Expenses:Health:Life:GroupTermLife                 24.32 USD
  Expenses:Health:Dental:Insurance                    2.90 USD
  Expenses:Health:Medical:Insurance                  27.38 USD
  Expenses:Health:Vision:Insurance                   42.30 USD
  Expenses:Taxes:Y2022:US:Medicare                  106.62 USD
  Expenses:Taxes:Y2022:US:Federal                  1062.92 USD
  Expenses:Taxes:Y2022:US:State                     365.08 USD
  Expenses:Taxes:Y2022:US:CityNYC                   174.92 USD
  Expenses:Taxes:Y2022:US:SDI                         1.12 USD
  Expenses:Taxes:Y2022:US:SocSec                    281.54 USD
  Assets:US:Federal:PreTax401k                    -1200.00 IRAUSD
  Expenses:Taxes:Y2022:US:Federal:PreTax401k       1200.00 IRAUSD
  Assets:US:Hooli:Vacation                               5 VACHR
  Income:US:Hooli:Vacation                              -5 VACHR

2022-07-28 * "Hooli" "Payroll"
  Assets:US:BofA:Checking                          1350.60 USD
  Assets:US:Vanguard:Cash                          1200.00 USD
  Income:US:Hooli:Salary                          -4615.38 USD
  Income:US:Hooli:GroupTermLife                     -24.32 USD
  Expenses:Health:Life:GroupTermLife                 24.32 USD
  Expenses:Health:Dental:Insurance                    2.90 USD
  Expenses:Health:Medical:Insurance                  27.38 USD
  Expenses:Health:Vision:Insurance                   42.30 USD
  Expenses:Taxes:Y2022:US:Medicare                  106.62 USD
  Expenses:Taxes:Y2022:US:Federal                  1062.92 USD
  Expenses:Taxes:Y2022:US:State                     365.08 USD
  Expenses:Taxes:Y2022:US:CityNYC                   174.92 USD
  Expenses:Taxes:Y2022:US:SDI                         1.12 USD
  Expenses:Taxes:Y2022:US:SocSec                    281.54 USD
  Assets:US:Federal:PreTax401k                    -1200.00 IRAUSD
  Expenses:Taxes:Y2022:US:Federal:PreTax401k       1200.00 IRAUSD
  Assets:US:Hooli:Vacation                               5 VACHR
  Income:US:Hooli:Vacation                              -5 VACHR

2022-08-11 * "Hooli" "Payroll"
  Assets:US:BofA:Checking                          2050.60 USD
  Assets:US:Vanguard:Cash                           500.00 USD
  Income:US:Hooli:Salary                          -4615.38 USD
  Income:US:Hooli:GroupTermLife                     -24.32 USD
  Expenses:Health:Life:GroupTermLife                 24.32 USD
  Expenses:Health:Dental:Insurance                    2.90 USD
  Expenses:Health:Medical:Insurance                  27.38 USD
  Expenses:Health:Vision:Insurance                   42.30 USD
  Expenses:Taxes:Y2022:US:Medicare                  106.62 USD
  Expenses:Taxes:Y2022:US:Federal                  1062.92 USD
  Expenses:Taxes:Y2022:US:State                     365.08 USD
  Expenses:Taxes:Y2022:US:CityNYC                   174.92 USD
  Expenses:Taxes:Y2022:US:SDI                         1.12 USD
  Expenses:Taxes:Y2022:US:SocSec                    281.54 USD
  Assets:US:Federal:PreTax401k                     -500.00 IRAUSD
  Expenses:Taxes:Y2022:US:Federal:PreTax401k        500.00 IRAUSD
  Assets:US:Hooli:Vacation                               5 VACHR
  Income:US:Hooli:Vacation                              -5 VACHR

2022-08-25 * "Hooli" "Payroll"
  Assets:US:BofA:Checking                          2550.60 USD
  Income:US:Hooli:Salary                          -4615.38 USD
  Income:US:Hooli:GroupTermLife                     -24.32 USD
  Expenses:Health:Life:GroupTermLife                 24.32 USD
  Expenses:Health:Dental:Insurance                    2.90 USD
  Expenses:Health:Medical:Insurance                  27.38 USD
  Expenses:Health:Vision:Insurance                   42.30 USD
  Expenses:Taxes:Y2022:US:Medicare                  106.62 USD
  Expenses:Taxes:Y2022:US:Federal                  1062.92 USD
  Expenses:Taxes:Y2022:US:State                     365.08 USD
  Expenses:Taxes:Y2022:US:CityNYC                   174.92 USD
  Expenses:Taxes:Y2022:US:SDI                         1.12 USD
  Expenses:Taxes:Y2022:US:SocSec                    281.54 USD
  Assets:US:Federal:PreTax401k                        0.00 IRAUSD
  Assets:US:Hooli:Vacation                               5 VACHR
  Income:US:Hooli:Vacation                              -5 VACHR

2022-09-08 * "Hooli" "Payroll"
  Assets:US:BofA:Checking                          2550.60 USD
  Income:US:Hooli:Salary                          -4615.38 USD
  Income:US:Hooli:GroupTermLife                     -24.32 USD
  Expenses:Health:Life:GroupTermLife                 24.32 USD
  Expenses:Health:Dental:Insurance                    2.90 USD
  Expenses:Health:Medical:Insurance                  27.38 USD
  Expenses:Health:Vision:Insurance                   42.30 USD
  Expenses:Taxes:Y2022:US:Medicare                  106.62 USD
  Expenses:Taxes:Y2022:US:Federal                  1062.92 USD
  Expenses:Taxes:Y2022:US:State                     365.08 USD
  Expenses:Taxes:Y2022:US:CityNYC                   174.92 USD
  Expenses:Taxes:Y2022:US:SDI                         1.12 USD
  Expenses:Taxes:Y2022:US:SocSec                    281.54 USD
  Assets:US:Federal:PreTax401k                        0.00 IRAUSD
  Assets:US:Hooli:Vacation                               5 VACHR
  Income:US:Hooli:Vacation                              -5 VACHR

2022-09-22 * "Hooli" "Payroll"
  Assets:US:BofA:Checking                          2550.60 USD
  Income:US:Hooli:Salary                          -4615.38 USD
  Income:US:Hooli:GroupTermLife                     -24.32 USD
  Expenses:Health:Life:GroupTermLife                 24.32 USD
  Expenses:Health:Dental:Insurance                    2.90 USD
  Expenses:Health:Medical:Insurance                  27.38 USD
  Expenses:Health:Vision:Insurance                   42.30 USD
  Expenses:Taxes:Y2022:US:Medicare                  106.62 USD
  Expenses:Taxes:Y2022:US:Federal                  1062.92 USD
  Expenses:Taxes:Y2022:US:State                     365.08 USD
  Expenses:Taxes:Y2022:US:CityNYC                   174.92 USD
  Expenses:Taxes:Y2022:US:SDI                         1.12 USD
  Expenses:Taxes:Y2022:US:SocSec                    281.54 USD
  Assets:US:Federal:PreTax401k                        0.00 IRAUSD
  Assets:US:Hooli:Vacation                               5 VACHR
  Income:US:Hooli:Vacation                              -5 VACHR

2022-10-06 * "Hooli" "Payroll"
  Assets:US:BofA:Checking                          2550.60 USD
  Income:US:Hooli:Salary                          -4615.38 USD
  Income:US:Hooli:GroupTermLife                     -24.32 USD
  Expenses:Health:Life:GroupTermLife                 24.32 USD
  Expenses:Health:Dental:Insurance                    2.90 USD
  Expenses:Health:Medical:Insurance                  27.38 USD
  Expenses:Health:Vision:Insurance                   42.30 USD
  Expenses:Taxes:Y2022:US:Medicare                  106.62 USD
  Expenses:Taxes:Y2022:US:Federal                  1062.92 USD
  Expenses:Taxes:Y2022:US:State                     365.08 USD
  Expenses:Taxes:Y2022:US:CityNYC                   174.92 USD
  Expenses:Taxes:Y2022:US:SDI                         1.12 USD
  Expenses:Taxes:Y2022:US:SocSec                    281.54 USD
  Assets:US:Federal:PreTax401k                        0.00 IRAUSD
  Assets:US:Hooli:Vacation                               5 VACHR
  Income:US:Hooli:Vacation                              -5 VACHR

2022-10-20 * "Hooli" "Payroll"
  Assets:US:BofA:Checking                          2550.60 USD
  Income:US:Hooli:Salary                          -4615.38 USD
  Income:US:Hooli:GroupTermLife                     -24.32 USD
  Expenses:Health:Life:GroupTermLife                 24.32 USD
  Expenses:Health:Dental:Insurance                    2.90 USD
  Expenses:Health:Medical:Insurance                  27.38 USD
  Expenses:Health:Vision:Insurance                   42.30 USD
  Expenses:Taxes:Y2022:US:Medicare                  106.62 USD
  Expenses:Taxes:Y2022:US:Federal                  1062.92 USD
  Expenses:Taxes:Y2022:US:State                     365.08 USD
  Expenses:Taxes:Y2022:US:CityNYC                   174.92 USD
  Expenses:Taxes:Y2022:US:SDI                         1.12 USD
  Expenses:Taxes:Y2022:US:SocSec                    281.54 USD
  Assets:US:Federal:PreTax401k                        0.00 IRAUSD
  Assets:US:Hooli:Vacation                               5 VACHR
  Income:US:Hooli:Vacation                              -5 VACHR

2022-11-03 * "Hooli" "Payroll"
  Assets:US:BofA:Checking                          2550.60 USD
  Income:US:Hooli:Salary                          -4615.38 USD
  Income:US:Hooli:GroupTermLife                     -24.32 USD
  Expenses:Health:Life:GroupTermLife                 24.32 USD
  Expenses:Health:Dental:Insurance                    2.90 USD
  Expenses:Health:Medical:Insurance                  27.38 USD
  Expenses:Health:Vision:Insurance                   42.30 USD
  Expenses:Taxes:Y2022:US:Medicare                  106.62 USD
  Expenses:Taxes:Y2022:US:Federal                  1062.92 USD
  Expenses:Taxes:Y2022:US:State                     365.08 USD
  Expenses:Taxes:Y2022:US:CityNYC                   174.92 USD
  Expenses:Taxes:Y2022:US:SDI                         1.12 USD
  Expenses:Taxes:Y2022:US:SocSec                    281.54 USD
  Assets:US:Federal:PreTax401k                        0.00 IRAUSD
  Assets:US:Hooli:Vacation                               5 VACHR
  Income:US:Hooli:Vacation                              -5 VACHR



* Taxes

1980-05-12 open Income:US:Federal:PreTax401k                    IRAUSD
1980-05-12 open Assets:US:Federal:PreTax401k                    IRAUSD



** Tax Year 2020

2020-01-01 open Expenses:Taxes:Y2020:US:Federal:PreTax401k      IRAUSD
2020-01-01 open Expenses:Taxes:Y2020:US:Medicare                USD
2020-01-01 open Expenses:Taxes:Y2020:US:Federal                 USD
2020-01-01 open Expenses:Taxes:Y2020:US:CityNYC                 USD
2020-01-01 open Expenses:Taxes:Y2020:US:SDI                     USD
2020-01-01 open Expenses:Taxes:Y2020:US:State                   USD
2020-01-01 open Expenses:Taxes:Y2020:US:SocSec                  USD

2020-01-01 balance Assets:US:Federal:PreTax401k          0 IRAUSD

2020-01-01 * "Allowed contributions for one year"
  Income:US:Federal:PreTax401k                      -18500 IRAUSD
  Assets:US:Federal:PreTax401k                       18500 IRAUSD

2021-03-22 * "Filing taxes for 2020"
  Expenses:Taxes:Y2020:US:Federal                   502.40 USD
  Expenses:Taxes:Y2020:US:State                     303.15 USD
  Liabilities:AccountsPayable                      -805.55 USD

2021-03-22 * "FEDERAL TAXPYMT"
  Assets:US:BofA:Checking                          -502.40 USD
  Liabilities:AccountsPayable                       502.40 USD

2021-03-22 * "STATE TAX & FINANC PYMT"
  Assets:US:BofA:Checking                          -303.15 USD
  Liabilities:AccountsPayable                       303.15 USD



** Tax Year 2021

2021-01-01 open Expenses:Taxes:Y2021:US:Federal:PreTax401k      IRAUSD
2021-01-01 open Expenses:Taxes:Y2021:US:Medicare                USD
2021-01-01 open Expenses:Taxes:Y2021:US:Federal                 USD
2021-01-01 open Expenses:Taxes:Y2021:US:CityNYC                 USD
2021-01-01 open Expenses:Taxes:Y2021:US:SDI                     USD
2021-01-01 open Expenses:Taxes:Y2021:US:State                   USD
2021-01-01 open Expenses:Taxes:Y2021:US:SocSec                  USD

2021-01-01 balance Assets:US:Federal:PreTax401k          0 IRAUSD

2021-01-01 * "Allowed contributions for one year"
  Income:US:Federal:PreTax401k                      -18500 IRAUSD
  Assets:US:Federal:PreTax401k                       18500 IRAUSD

2022-03-20 * "Filing taxes for 2021"
  Expenses:Taxes:Y2021:US:Federal                   486.76 USD
  Expenses:Taxes:Y2021:US:State                     275.16 USD
  Liabilities:AccountsPayable                      -761.92 USD

2022-03-20 * "FEDERAL TAXPYMT"
  Assets:US:BofA:Checking                          -486.76 USD
  Liabilities:AccountsPayable                       486.76 USD

2022-03-23 * "STATE TAX & FINANC PYMT"
  Assets:US:BofA:Checking                          -275.16 USD
  Liabilities:AccountsPayable                       275.16 USD



** Tax Year 2022

2022-01-01 open Expenses:Taxes:Y2022:US:Federal:PreTax401k      IRAUSD
2022-01-01 open Expenses:Taxes:Y2022:US:Medicare                USD
2022-01-01 open Expenses:Taxes:Y2022:US:Federal                 USD
2022-01-01 open Expenses:Taxes:Y2022:US:CityNYC                 USD
2022-01-01 open Expenses:Taxes:Y2022:US:SDI                     USD
2022-01-01 open Expenses:Taxes:Y2022:US:State                   USD
2022-01-01 open Expenses:Taxes:Y2022:US:SocSec                  USD

2022-01-01 balance Assets:US:Federal:PreTax401k          0 IRAUSD

2022-01-01 * "Allowed contributions for one year"
  Income:US:Federal:PreTax401k                      -18500 IRAUSD
  Assets:US:Federal:PreTax401k                       18500 IRAUSD



* Expenses

1980-05-12 open Expenses:Food:Groceries
1980-05-12 open Expenses:Food:Restaurant
1980-05-12 open Expenses:Food:Coffee
1980-05-12 open Expenses:Food:Alcohol
1980-05-12 open Expenses:Transport:Tram
1980-05-12 open Expenses:Home:Rent
1980-05-12 open Expenses:Home:Electricity
1980-05-12 open Expenses:Home:Internet
1980-05-12 open Expenses:Home:Phone
1980-05-12 open Expenses:Financial:Fees
1980-05-12 open Expenses:Financial:Commissions



* Prices

2020-01-03 price VBMPX                               89.24 USD
2020-01-03 price RGAGX                               72.61 USD
2020-01-03 price ITOT                               162.98 USD
2020-01-03 price VEA                                114.10 USD
2020-01-03 price VHT                                 79.85 USD
2020-01-03 price GLD                                163.86 USD
2020-01-10 price VBMPX                               91.60 USD
2020-01-10 price RGAGX                               72.48 USD
2020-01-10 price ITOT                               165.10 USD
2020-01-10 price VEA                                112.85 USD
2020-01-10 price VHT                                 79.18 USD
2020-01-10 price GLD                                165.19 USD
2020-01-17 price VBMPX                               90.94 USD
2020-01-17 price RGAGX                               76.03 USD
2020-01-17 price ITOT                               165.25 USD
2020-01-17 price VEA                                113.88 USD
2020-01-17 price VHT                                 79.00 USD
2020-01-17 price GLD                                166.55 USD
2020-01-24 price VBMPX                               91.10 USD
2020-01-24 price RGAGX                               75.30 USD
2020-01-24 price ITOT                               168.70 USD
2020-01-24 price VEA                                112.85 USD
2020-01-24 price VHT                                 80.15 USD
2020-01-24 price GLD                                166.53 USD
2020-01-31 price VBMPX                               90.70 USD
2020-01-31 price RGAGX                               74.56 USD
2020-01-31 price ITOT                               167.33 USD
2020-01-31 price VEA                                112.98 USD
2020-01-31 price VHT                                 76.74 USD
2020-01-31 price GLD                                166.34 USD
2020-02-07 price VBMPX                               89.85 USD
2020-02-07 price RGAGX                               74.29 USD
2020-02-07 price ITOT                               172.08 USD
2020-02-07 price VEA                                113.00 USD
2020-02-07 price VHT                                 74.68 USD
2020-02-07 price GLD                                165.93 USD
2020-02-14 price VBMPX                               89.48 USD
2020-02-14 price RGAGX                               71.49 USD
2020-02-14 price ITOT                               174.46 USD
2020-02-14 price VEA                                112.83 USD
2020-02-14 price VHT                                 74.91 USD
2020-02-14 price GLD                                165.88 USD
2020-02-21 price VBMPX                               89.38 USD
2020-02-21 price RGAGX                               72.11 USD
2020-02-21 price ITOT                               177.81 USD
2020-02-21 price VEA                                113.84 USD
2020-02-21 price VHT                                 76.27 USD
2020-02-21 price GLD                                165.68 USD
2020-02-28 price VBMPX                               90.70 USD
2020-02-28 price RGAGX                               73.60 USD
2020-02-28 price ITOT                               178.85 USD
2020-02-28 price VEA                                115.27 USD
2020-02-28 price VHT                                 75.49 USD
2020-02-28 price GLD                                164.12 USD
2020-03-06 price VBMPX                               89.81 USD
2020-03-06 price RGAGX                               74.18 USD
2020-03-06 price ITOT                               181.45 USD
2020-03-06 price VEA                                117.41 USD
2020-03-06 price VHT                                 76.58 USD
2020-03-06 price GLD                                163.65 USD
2020-03-13 price VBMPX                               91.06 USD
2020-03-13 price RGAGX                               74.05 USD
2020-03-13 price ITOT                               179.32 USD
2020-03-13 price VEA                                118.87 USD
2020-03-13 price VHT                                 76.97 USD
2020-03-13 price GLD                                164.88 USD
2020-03-20 price VBMPX                               91.67 USD
2020-03-20 price RGAGX                               72.06 USD
2020-03-20 price ITOT                               183.02 USD
2020-03-20 price VEA                                117.68 USD
2020-03-20 price VHT                                 76.03 USD
2020-03-20 price GLD                                164.06 USD
2020-03-27 price VBMPX                               90.95 USD
2020-03-27 price RGAGX                               71.33 USD
2020-03-27 price ITOT                               183.66 USD
2020-03-27 price VEA                                119.27 USD
2020-03-27 price VHT                                 75.13 USD
2020-03-27 price GLD                                163.61 USD
2020-04-03 price VBMPX                               91.20 USD
2020-04-03 price RGAGX                               71.21 USD
2020-04-03 price ITOT                               179.48 USD
2020-04-03 price VEA                                119.19 USD
2020-04-03 price VHT                                 75.20 USD
2020-04-03 price GLD                                164.81 USD
2020-04-10 price VBMPX                               91.50 USD
2020-04-10 price RGAGX                               73.16 USD
2020-04-10 price ITOT                               178.87 USD
2020-04-10 price VEA                                117.90 USD
2020-04-10 price VHT                                 77.63 USD
2020-04-10 price GLD                                163.44 USD
2020-04-17 price VBMPX                               91.21 USD
2020-04-17 price RGAGX                               72.98 USD
2020-04-17 price ITOT                               181.35 USD
2020-04-17 price VEA                                119.47 USD
2020-04-17 price VHT                                 76.97 USD
2020-04-17 price GLD                                165.69 USD
2020-04-24 price VBMPX                               92.00 USD
2020-04-24 price RGAGX                               72.42 USD
2020-04-24 price ITOT                               184.47 USD
2020-04-24 price VEA                                119.03 USD
2020-04-24 price VHT                                 75.58 USD
2020-04-24 price GLD                                167.00 USD
2020-05-01 price VBMPX                               91.86 USD
2020-05-01 price RGAGX                               74.03 USD
2020-05-01 price ITOT                               179.12 USD
2020-05-01 price VEA                                119.10 USD
2020-05-01 price VHT                                 77.10 USD
2020-05-01 price GLD                                166.90 USD
2020-05-08 price VBMPX                               93.19 USD
2020-05-08 price RGAGX                               75.28 USD
2020-05-08 price ITOT                               184.50 USD
2020-05-08 price VEA                                117.44 USD
2020-05-08 price VHT                                 79.95 USD
2020-05-08 price GLD                                165.75 USD
2020-05-15 price VBMPX                               94.50 USD
2020-05-15 price RGAGX                               72.77 USD
2020-05-15 price ITOT                               184.61 USD
2020-05-15 price VEA                                117.45 USD
2020-05-15 price VHT                                 81.65 USD
2020-05-15 price GLD                                165.55 USD
2020-05-22 price VBMPX                               95.62 USD
2020-05-22 price RGAGX                               72.87 USD
2020-05-22 price ITOT                               186.18 USD
2020-05-22 price VEA                                118.95 USD
2020-05-22 price VHT                                 79.04 USD
2020-05-22 price GLD                                167.02 USD
2020-05-29 price VBMPX                               97.77 USD
2020-05-29 price RGAGX                               72.98 USD
2020-05-29 price ITOT                               187.58 USD
2020-05-29 price VEA                                118.37 USD
2020-05-29 price VHT                                 78.08 USD
2020-05-29 price GLD                                166.57 USD
2020-06-05 price VBMPX                               96.30 USD
2020-06-05 price RGAGX                               71.90 USD
2020-06-05 price ITOT                               189.43 USD
2020-06-05 price VEA                                118.59 USD
2020-06-05 price VHT                                 78.34 USD
2020-06-05 price GLD                                168.39 USD
2020-06-12 price VBMPX                               95.63 USD
2020-06-12 price RGAGX                               73.79 USD
2020-06-12 price ITOT                               193.53 USD
2020-06-12 price VEA                                119.15 USD
2020-06-12 price VHT                                 78.30 USD
2020-06-12 price GLD                                169.62 USD
2020-06-19 price VBMPX                               95.24 USD
2020-06-19 price RGAGX                               75.46 USD
2020-06-19 price ITOT                               196.92 USD
2020-06-19 price VEA                                119.10 USD
2020-06-19 price VHT                                 78.03 USD
2020-06-19 price GLD                                171.98 USD
2020-06-26 price VBMPX                               96.47 USD
2020-06-26 price RGAGX                               74.79 USD
2020-06-26 price ITOT                               198.58 USD
2020-06-26 price VEA                                119.45 USD
2020-06-26 price VHT                                 76.44 USD
2020-06-26 price GLD                                170.74 USD
2020-07-03 price VBMPX                               96.38 USD
2020-07-03 price RGAGX                               77.03 USD
2020-07-03 price ITOT                               202.01 USD
2020-07-03 price VEA                                120.25 USD
2020-07-03 price VHT                                 79.25 USD
2020-07-03 price GLD                                172.47 USD
2020-07-10 price VBMPX                               97.69 USD
2020-07-10 price RGAGX                               74.49 USD
2020-07-10 price ITOT                               203.82 USD
2020-07-10 price VEA                                119.18 USD
2020-07-10 price VHT                                 78.73 USD
2020-07-10 price GLD                                170.72 USD
2020-07-17 price VBMPX                               95.09 USD
2020-07-17 price RGAGX                               76.76 USD
2020-07-17 price ITOT                               200.45 USD
2020-07-17 price VEA                                117.89 USD
2020-07-17 price VHT                                 80.14 USD
2020-07-17 price GLD                                170.30 USD
2020-07-24 price VBMPX                               94.86 USD
2020-07-24 price RGAGX                               75.70 USD
2020-07-24 price ITOT                               203.94 USD
2020-07-24 price VEA                                118.72 USD
2020-07-24 price VHT                                 79.66 USD
2020-07-24 price GLD                                170.53 USD
2020-07-31 price VBMPX                               96.51 USD
2020-07-31 price RGAGX                               74.76 USD
2020-07-31 price ITOT                               202.55 USD
2020-07-31 price VEA                                117.65 USD
2020-07-31 price VHT                                 80.51 USD
2020-07-31 price GLD                                169.95 USD
2020-08-07 price VBMPX                               95.03 USD
2020-08-07 price RGAGX                               77.47 USD
2020-08-07 price ITOT                               201.50 USD
2020-08-07 price VEA                                117.40 USD
2020-08-07 price VHT                                 79.77 USD
2020-08-07 price GLD                                170.13 USD
2020-08-14 price VBMPX                               95.16 USD
2020-08-14 price RGAGX                               80.74 USD
2020-08-14 price ITOT                               206.40 USD
2020-08-14 price VEA                                117.72 USD
2020-08-14 price VHT                                 81.12 USD
2020-08-14 price GLD                                170.50 USD
2020-08-21 price VBMPX                               97.35 USD
2020-08-21 price RGAGX                               79.97 USD
2020-08-21 price ITOT                               209.18 USD
2020-08-21 price VEA                                121.52 USD
2020-08-21 price VHT                                 81.46 USD
2020-08-21 price GLD                                169.01 USD
2020-08-28 price VBMPX                               96.71 USD
2020-08-28 price RGAGX                               78.42 USD
2020-08-28 price ITOT                               211.95 USD
2020-08-28 price VEA                                122.05 USD
2020-08-28 price VHT                                 83.58 USD
2020-08-28 price GLD                                167.21 USD
2020-09-04 price VBMPX                               96.47 USD
2020-09-04 price RGAGX                               77.19 USD
2020-09-04 price ITOT                               215.70 USD
2020-09-04 price VEA                                122.86 USD
2020-09-04 price VHT                                 83.68 USD
2020-09-04 price GLD                                166.47 USD
2020-09-11 price VBMPX                               95.81 USD
2020-09-11 price RGAGX                               76.58 USD
2020-09-11 price ITOT                               213.47 USD
2020-09-11 price VEA                                122.50 USD
2020-09-11 price VHT                                 84.10 USD
2020-09-11 price GLD                                168.90 USD
2020-09-18 price VBMPX                               96.13 USD
2020-09-18 price RGAGX                               76.81 USD
2020-09-18 price ITOT                               213.61 USD
2020-09-18 price VEA                                122.93 USD
2020-09-18 price VHT                                 84.15 USD
2020-09-18 price GLD                                168.15 USD
2020-09-25 price VBMPX                               94.79 USD
2020-09-25 price RGAGX                               77.15 USD
2020-09-25 price ITOT                               212.95 USD
2020-09-25 price VEA                                122.67 USD
2020-09-25 price VHT                                 83.77 USD
2020-09-25 price GLD                                169.94 USD
2020-10-02 price VBMPX                               95.50 USD
2020-10-02 price RGAGX                               77.53 USD
2020-10-02 price ITOT                               216.17 USD
2020-10-02 price VEA                                122.68 USD
2020-10-02 price VHT                                 83.09 USD
2020-10-02 price GLD                                169.64 USD
2020-10-09 price VBMPX                               96.08 USD
2020-10-09 price RGAGX                               78.34 USD
2020-10-09 price ITOT                               215.24 USD
2020-10-09 price VEA                                123.21 USD
2020-10-09 price VHT                                 83.29 USD
2020-10-09 price GLD                                170.55 USD
2020-10-16 price VBMPX                               95.54 USD
2020-10-16 price RGAGX                               76.20 USD
2020-10-16 price ITOT                               214.02 USD
2020-10-16 price VEA                                123.35 USD
2020-10-16 price VHT                                 84.34 USD
2020-10-16 price GLD                                172.49 USD
2020-10-23 price VBMPX                               96.00 USD
2020-10-23 price RGAGX                               77.50 USD
2020-10-23 price ITOT                               221.97 USD
2020-10-23 price VEA                                121.46 USD
2020-10-23 price VHT                                 86.17 USD
2020-10-23 price GLD                                171.51 USD
2020-10-30 price VBMPX                               96.36 USD
2020-10-30 price RGAGX                               77.57 USD
2020-10-30 price ITOT                               218.22 USD
2020-10-30 price VEA                                121.75 USD
2020-10-30 price VHT                                 86.56 USD
2020-10-30 price GLD                                172.36 USD
2020-11-06 price VBMPX                               96.44 USD
2020-11-06 price RGAGX                               76.81 USD
2020-11-06 price ITOT                               218.41 USD
2020-11-06 price VEA                                122.81 USD
2020-11-06 price VHT                                 86.65 USD
2020-11-06 price GLD                                173.59 USD
2020-11-13 price VBMPX                               97.37 USD
2020-11-13 price RGAGX                               76.34 USD
2020-11-13 price ITOT                               219.85 USD
2020-11-13 price VEA                                123.76 USD
2020-11-13 price VHT                                 88.74 USD
2020-11-13 price GLD                                175.00 USD
2020-11-20 price VBMPX                               97.74 USD
2020-11-20 price RGAGX                               75.11 USD
2020-11-20 price ITOT                               220.26 USD
2020-11-20 price VEA                                124.37 USD
2020-11-20 price VHT                                 90.95 USD
2020-11-20 price GLD                                177.69 USD
2020-11-27 price VBMPX                               97.15 USD
2020-11-27 price RGAGX                               73.81 USD
2020-11-27 price ITOT                               224.05 USD
2020-11-27 price VEA                                123.76 USD
2020-11-27 price VHT                                 89.71 USD
2020-11-27 price GLD                                177.32 USD
2020-12-04 price VBMPX                               99.09 USD
2020-12-04 price RGAGX                               72.83 USD
2020-12-04 price ITOT                               230.03 USD
2020-12-04 price VEA                                125.27 USD
2020-12-04 price VHT                                 90.94 USD
2020-12-04 price GLD                                177.45 USD
2020-12-11 price VBMPX                               96.77 USD
2020-12-11 price RGAGX                               73.95 USD
2020-12-11 price ITOT                               225.73 USD
2020-12-11 price VEA                                126.78 USD
2020-12-11 price VHT                                 90.38 USD
2020-12-11 price GLD                                176.59 USD
2020-12-18 price VBMPX                               97.20 USD
2020-12-18 price RGAGX                               75.06 USD
2020-12-18 price ITOT                               221.67 USD
2020-12-18 price VEA                                127.28 USD
2020-12-18 price VHT                                 89.89 USD
2020-12-18 price GLD                                175.82 USD
2020-12-25 price VBMPX                               97.42 USD
2020-12-25 price RGAGX                               76.37 USD
2020-12-25 price ITOT                               226.10 USD
2020-12-25 price VEA                                127.06 USD
2020-12-25 price VHT                                 88.89 USD
2020-12-25 price GLD                                177.75 USD
2021-01-01 price VBMPX                               98.07 USD
2021-01-01 price RGAGX                               77.34 USD
2021-01-01 price ITOT                               230.47 USD
2021-01-01 price VEA                                129.55 USD
2021-01-01 price VHT                                 88.26 USD
2021-01-01 price GLD                                177.32 USD
2021-01-08 price VBMPX                               96.87 USD
2021-01-08 price RGAGX                               78.86 USD
2021-01-08 price ITOT                               231.83 USD
2021-01-08 price VEA                                129.05 USD
2021-01-08 price VHT                                 87.23 USD
2021-01-08 price GLD                                179.00 USD
2021-01-15 price VBMPX                               98.02 USD
2021-01-15 price RGAGX                               78.26 USD
2021-01-15 price ITOT                               235.63 USD
2021-01-15 price VEA                                129.13 USD
2021-01-15 price VHT                                 88.75 USD
2021-01-15 price GLD                                178.90 USD
2021-01-22 price VBMPX                               97.83 USD
2021-01-22 price RGAGX                               79.98 USD
2021-01-22 price ITOT                               245.92 USD
2021-01-22 price VEA                                129.38 USD
2021-01-22 price VHT                                 88.76 USD
2021-01-22 price GLD                                179.87 USD
2021-01-29 price VBMPX                               98.71 USD
2021-01-29 price RGAGX                               79.93 USD
2021-01-29 price ITOT                               244.26 USD
2021-01-29 price VEA                                128.78 USD
2021-01-29 price VHT                                 88.21 USD
2021-01-29 price GLD                                179.91 USD
2021-02-05 price VBMPX                               97.67 USD
2021-02-05 price RGAGX                               78.22 USD
2021-02-05 price ITOT                               246.95 USD
2021-02-05 price VEA                                128.73 USD
2021-02-05 price VHT                                 88.22 USD
2021-02-05 price GLD                                180.43 USD
2021-02-12 price VBMPX                               99.95 USD
2021-02-12 price RGAGX                               77.07 USD
2021-02-12 price ITOT                               247.15 USD
2021-02-12 price VEA                                128.50 USD
2021-02-12 price VHT                                 87.74 USD
2021-02-12 price GLD                                181.24 USD
2021-02-19 price VBMPX                              101.34 USD
2021-02-19 price RGAGX                               77.66 USD
2021-02-19 price ITOT                               248.14 USD
2021-02-19 price VEA                                128.91 USD
2021-02-19 price VHT                                 88.09 USD
2021-02-19 price GLD                                182.10 USD
2021-02-26 price VBMPX                              101.65 USD
2021-02-26 price RGAGX                               79.78 USD
2021-02-26 price ITOT                               240.07 USD
2021-02-26 price VEA                                129.85 USD
2021-02-26 price VHT                                 88.27 USD
2021-02-26 price GLD                                181.64 USD
2021-03-05 price VBMPX                              102.65 USD
2021-03-05 price RGAGX                               79.98 USD
2021-03-05 price ITOT                               245.84 USD
2021-03-05 price VEA                                129.67 USD
2021-03-05 price VHT                                 87.93 USD
2021-03-05 price GLD                                182.74 USD
2021-03-12 price VBMPX                              102.80 USD
2021-03-12 price RGAGX                               80.59 USD
2021-03-12 price ITOT                               245.25 USD
2021-03-12 price VEA                                129.95 USD
2021-03-12 price VHT                                 88.30 USD
2021-03-12 price GLD                                182.47 USD
2021-03-19 price VBMPX                              101.69 USD
2021-03-19 price RGAGX                               79.72 USD
2021-03-19 price ITOT                               246.41 USD
2021-03-19 price VEA                                130.89 USD
2021-03-19 price VHT                                 89.11 USD
2021-03-19 price GLD                                182.61 USD
2021-03-26 price VBMPX                              100.43 USD
2021-03-26 price RGAGX                               81.12 USD
2021-03-26 price ITOT                               242.98 USD
2021-03-26 price VEA                                130.99 USD
2021-03-26 price VHT                                 88.46 USD
2021-03-26 price GLD                                182.01 USD
2021-04-02 price VBMPX                              101.69 USD
2021-04-02 price RGAGX                               81.94 USD
2021-04-02 price ITOT                               239.87 USD
2021-04-02 price VEA                                129.24 USD
2021-04-02 price VHT                                 87.09 USD
2021-04-02 price GLD                                181.25 USD
2021-04-09 price VBMPX                              102.46 USD
2021-04-09 price RGAGX                               80.21 USD
2021-04-09 price ITOT                               238.39 USD
2021-04-09 price VEA                                129.67 USD
2021-04-09 price VHT                                 87.19 USD
2021-04-09 price GLD                                182.67 USD
2021-04-16 price VBMPX                              102.84 USD
2021-04-16 price RGAGX                               79.96 USD
2021-04-16 price ITOT                               232.99 USD
2021-04-16 price VEA                                130.95 USD
2021-04-16 price VHT                                 86.61 USD
2021-04-16 price GLD                                184.19 USD
2021-04-23 price VBMPX                              104.62 USD
2021-04-23 price RGAGX                               83.00 USD
2021-04-23 price ITOT                               236.57 USD
2021-04-23 price VEA                                133.10 USD
2021-04-23 price VHT                                 84.77 USD
2021-04-23 price GLD                                184.37 USD
2021-04-30 price VBMPX                              105.72 USD
2021-04-30 price RGAGX                               82.71 USD
2021-04-30 price ITOT                               237.67 USD
2021-04-30 price VEA                                134.18 USD
2021-04-30 price VHT                                 84.29 USD
2021-04-30 price GLD                                183.79 USD
2021-05-07 price VBMPX                              105.85 USD
2021-05-07 price RGAGX                               83.77 USD
2021-05-07 price ITOT                               243.12 USD
2021-05-07 price VEA                                133.70 USD
2021-05-07 price VHT                                 83.59 USD
2021-05-07 price GLD                                183.57 USD
2021-05-14 price VBMPX                              106.68 USD
2021-05-14 price RGAGX                               86.19 USD
2021-05-14 price ITOT                               244.18 USD
2021-05-14 price VEA                                135.07 USD
2021-05-14 price VHT                                 85.37 USD
2021-05-14 price GLD                                183.29 USD
2021-05-21 price VBMPX                              107.31 USD
2021-05-21 price RGAGX                               86.88 USD
2021-05-21 price ITOT                               243.87 USD
2021-05-21 price VEA                                134.92 USD
2021-05-21 price VHT                                 85.63 USD
2021-05-21 price GLD                                185.31 USD
2021-05-28 price VBMPX                              107.12 USD
2021-05-28 price RGAGX                               86.98 USD
2021-05-28 price ITOT                               242.01 USD
2021-05-28 price VEA                                135.77 USD
2021-05-28 price VHT                                 85.53 USD
2021-05-28 price GLD                                183.26 USD
2021-06-04 price VBMPX                              107.89 USD
2021-06-04 price RGAGX                               87.93 USD
2021-06-04 price ITOT                               238.11 USD
2021-06-04 price VEA                                137.10 USD
2021-06-04 price VHT                                 85.52 USD
2021-06-04 price GLD                                182.79 USD
2021-06-11 price VBMPX                              105.94 USD
2021-06-11 price RGAGX                               86.85 USD
2021-06-11 price ITOT                               236.44 USD
2021-06-11 price VEA                                138.89 USD
2021-06-11 price VHT                                 85.40 USD
2021-06-11 price GLD                                182.72 USD
2021-06-18 price VBMPX                              107.42 USD
2021-06-18 price RGAGX                               87.99 USD
2021-06-18 price ITOT                               240.03 USD
2021-06-18 price VEA                                140.51 USD
2021-06-18 price VHT                                 82.62 USD
2021-06-18 price GLD                                183.86 USD
2021-06-25 price VBMPX                              106.40 USD
2021-06-25 price RGAGX                               90.17 USD
2021-06-25 price ITOT                               234.95 USD
2021-06-25 price VEA                                139.90 USD
2021-06-25 price VHT                                 82.68 USD
2021-06-25 price GLD                                183.89 USD
2021-07-02 price VBMPX                              107.20 USD
2021-07-02 price RGAGX                               91.97 USD
2021-07-02 price ITOT                               233.23 USD
2021-07-02 price VEA                                139.81 USD
2021-07-02 price VHT                                 82.29 USD
2021-07-02 price GLD                                185.04 USD
2021-07-09 price VBMPX                              108.13 USD
2021-07-09 price RGAGX                               92.57 USD
2021-07-09 price ITOT                               230.33 USD
2021-07-09 price VEA                                141.86 USD
2021-07-09 price VHT                                 83.61 USD
2021-07-09 price GLD                                183.86 USD
2021-07-16 price VBMPX                              107.99 USD
2021-07-16 price RGAGX                               94.09 USD
2021-07-16 price ITOT                               231.81 USD
2021-07-16 price VEA                                140.17 USD
2021-07-16 price VHT                                 82.02 USD
2021-07-16 price GLD                                182.81 USD
2021-07-23 price VBMPX                              109.33 USD
2021-07-23 price RGAGX                               92.71 USD
2021-07-23 price ITOT                               233.29 USD
2021-07-23 price VEA                                139.82 USD
2021-07-23 price VHT                                 81.52 USD
2021-07-23 price GLD                                183.52 USD
2021-07-30 price VBMPX                              107.83 USD
2021-07-30 price RGAGX                               91.82 USD
2021-07-30 price ITOT                               232.11 USD
2021-07-30 price VEA                                141.32 USD
2021-07-30 price VHT                                 80.77 USD
2021-07-30 price GLD                                183.43 USD
2021-08-06 price VBMPX                              108.08 USD
2021-08-06 price RGAGX                               93.35 USD
2021-08-06 price ITOT                               237.76 USD
2021-08-06 price VEA                                143.24 USD
2021-08-06 price VHT                                 83.44 USD
2021-08-06 price GLD                                183.74 USD
2021-08-13 price VBMPX                              110.22 USD
2021-08-13 price RGAGX                               94.21 USD
2021-08-13 price ITOT                               232.24 USD
2021-08-13 price VEA                                142.93 USD
2021-08-13 price VHT                                 84.77 USD
2021-08-13 price GLD                                184.49 USD
2021-08-20 price VBMPX                              111.26 USD
2021-08-20 price RGAGX                               95.53 USD
2021-08-20 price ITOT                               232.01 USD
2021-08-20 price VEA                                144.57 USD
2021-08-20 price VHT                                 86.13 USD
2021-08-20 price GLD                                185.40 USD
2021-08-27 price VBMPX                              111.98 USD
2021-08-27 price RGAGX                               93.21 USD
2021-08-27 price ITOT                               225.18 USD
2021-08-27 price VEA                                144.84 USD
2021-08-27 price VHT                                 88.30 USD
2021-08-27 price GLD                                187.05 USD
2021-09-03 price VBMPX                              110.65 USD
2021-09-03 price RGAGX                               91.41 USD
2021-09-03 price ITOT                               217.87 USD
2021-09-03 price VEA                                145.19 USD
2021-09-03 price VHT                                 87.22 USD
2021-09-03 price GLD                                189.36 USD
2021-09-10 price VBMPX                              111.56 USD
2021-09-10 price RGAGX                               92.14 USD
2021-09-10 price ITOT                               219.77 USD
2021-09-10 price VEA                                146.14 USD
2021-09-10 price VHT                                 89.22 USD
2021-09-10 price GLD                                187.38 USD
2021-09-17 price VBMPX                              111.17 USD
2021-09-17 price RGAGX                               92.49 USD
2021-09-17 price ITOT                               212.62 USD
2021-09-17 price VEA                                145.16 USD
2021-09-17 price VHT                                 93.03 USD
2021-09-17 price GLD                                187.62 USD
2021-09-24 price VBMPX                              111.60 USD
2021-09-24 price RGAGX                               92.58 USD
2021-09-24 price ITOT                               215.54 USD
2021-09-24 price VEA                                146.00 USD
2021-09-24 price VHT                                 93.02 USD
2021-09-24 price GLD                                190.04 USD
2021-10-01 price VBMPX                              112.23 USD
2021-10-01 price RGAGX                               91.45 USD
2021-10-01 price ITOT                               218.49 USD
2021-10-01 price VEA                                145.13 USD
2021-10-01 price VHT                                 92.96 USD
2021-10-01 price GLD                                190.02 USD
2021-10-08 price VBMPX                              111.16 USD
2021-10-08 price RGAGX                               92.18 USD
2021-10-08 price ITOT                               216.73 USD
2021-10-08 price VEA                                145.48 USD
2021-10-08 price VHT                                 91.89 USD
2021-10-08 price GLD                                190.53 USD
2021-10-15 price VBMPX                              111.36 USD
2021-10-15 price RGAGX                               91.35 USD
2021-10-15 price ITOT                               222.70 USD
2021-10-15 price VEA                                147.03 USD
2021-10-15 price VHT                                 94.51 USD
2021-10-15 price GLD                                190.04 USD
2021-10-22 price VBMPX                              110.81 USD
2021-10-22 price RGAGX                               88.72 USD
2021-10-22 price ITOT                               229.98 USD
2021-10-22 price VEA                                148.11 USD
2021-10-22 price VHT                                 92.63 USD
2021-10-22 price GLD                                189.91 USD
2021-10-29 price VBMPX                              111.22 USD
2021-10-29 price RGAGX                               88.48 USD
2021-10-29 price ITOT                               226.17 USD
2021-10-29 price VEA                                148.12 USD
2021-10-29 price VHT                                 93.57 USD
2021-10-29 price GLD                                190.61 USD
2021-11-05 price VBMPX                              111.22 USD
2021-11-05 price RGAGX                               85.22 USD
2021-11-05 price ITOT                               233.62 USD
2021-11-05 price VEA                                149.63 USD
2021-11-05 price VHT                                 93.47 USD
2021-11-05 price GLD                                190.81 USD
2021-11-12 price VBMPX                              109.85 USD
2021-11-12 price RGAGX                               87.48 USD
2021-11-12 price ITOT                               232.73 USD
2021-11-12 price VEA                                149.60 USD
2021-11-12 price VHT                                 93.14 USD
2021-11-12 price GLD                                191.19 USD
2021-11-19 price VBMPX                              107.80 USD
2021-11-19 price RGAGX                               92.82 USD
2021-11-19 price ITOT                               231.78 USD
2021-11-19 price VEA                                149.28 USD
2021-11-19 price VHT                                 94.74 USD
2021-11-19 price GLD                                192.52 USD
2021-11-26 price VBMPX                              108.05 USD
2021-11-26 price RGAGX                               91.46 USD
2021-11-26 price ITOT                               231.62 USD
2021-11-26 price VEA                                149.65 USD
2021-11-26 price VHT                                 93.96 USD
2021-11-26 price GLD                                190.11 USD
2021-12-03 price VBMPX                              108.80 USD
2021-12-03 price RGAGX                               90.17 USD
2021-12-03 price ITOT                               231.12 USD
2021-12-03 price VEA                                150.41 USD
2021-12-03 price VHT                                 94.96 USD
2021-12-03 price GLD                                189.80 USD
2021-12-10 price VBMPX                              108.78 USD
2021-12-10 price RGAGX                               88.39 USD
2021-12-10 price ITOT                               234.08 USD
2021-12-10 price VEA                                149.82 USD
2021-12-10 price VHT                                 96.40 USD
2021-12-10 price GLD                                188.91 USD
2021-12-17 price VBMPX                              107.64 USD
2021-12-17 price RGAGX                               88.32 USD
2021-12-17 price ITOT                               233.83 USD
2021-12-17 price VEA                                151.70 USD
2021-12-17 price VHT                                 96.36 USD
2021-12-17 price GLD                                191.02 USD
2021-12-24 price VBMPX                              108.85 USD
2021-12-24 price RGAGX                               89.48 USD
2021-12-24 price ITOT                               235.20 USD
2021-12-24 price VEA                                153.26 USD
2021-12-24 price VHT                                 93.77 USD
2021-12-24 price GLD                                192.96 USD
2021-12-31 price VBMPX                              109.47 USD
2021-12-31 price RGAGX                               87.18 USD
2021-12-31 price ITOT                               241.20 USD
2021-12-31 price VEA                                152.97 USD
2021-12-31 price VHT                                 93.41 USD
2021-12-31 price GLD                                194.50 USD
2022-01-07 price VBMPX                              108.19 USD
2022-01-07 price RGAGX                               86.33 USD
2022-01-07 price ITOT                               243.96 USD
2022-01-07 price VEA                                152.73 USD
2022-01-07 price VHT                                 95.85 USD
2022-01-07 price GLD                                193.43 USD
2022-01-14 price VBMPX                              108.90 USD
2022-01-14 price RGAGX                               85.51 USD
2022-01-14 price ITOT                               246.66 USD
2022-01-14 price VEA                                151.89 USD
2022-01-14 price VHT                                 96.65 USD
2022-01-14 price GLD                                193.45 USD
2022-01-21 price VBMPX                              109.89 USD
2022-01-21 price RGAGX                               83.50 USD
2022-01-21 price ITOT                               252.60 USD
2022-01-21 price VEA                                154.11 USD
2022-01-21 price VHT                                 97.14 USD
2022-01-21 price GLD                                194.64 USD
2022-01-28 price VBMPX                              111.40 USD
2022-01-28 price RGAGX                               86.15 USD
2022-01-28 price ITOT                               256.47 USD
2022-01-28 price VEA                                154.00 USD
2022-01-28 price VHT                                 96.79 USD
2022-01-28 price GLD                                194.28 USD
2022-02-04 price VBMPX                              112.05 USD
2022-02-04 price RGAGX                               84.65 USD
2022-02-04 price ITOT                               251.10 USD
2022-02-04 price VEA                                153.38 USD
2022-02-04 price VHT                                 94.70 USD
2022-02-04 price GLD                                195.56 USD
2022-02-11 price VBMPX                              111.18 USD
2022-02-11 price RGAGX                               85.03 USD
2022-02-11 price ITOT                               249.50 USD
2022-02-11 price VEA                                152.16 USD
2022-02-11 price VHT                                 93.73 USD
2022-02-11 price GLD                                198.01 USD
2022-02-18 price VBMPX                              111.46 USD
2022-02-18 price RGAGX                               86.61 USD
2022-02-18 price ITOT                               246.80 USD
2022-02-18 price VEA                                151.81 USD
2022-02-18 price VHT                                 96.39 USD
2022-02-18 price GLD                                196.73 USD
2022-02-25 price VBMPX                              112.99 USD
2022-02-25 price RGAGX                               84.81 USD
2022-02-25 price ITOT                               241.19 USD
2022-02-25 price VEA                                153.25 USD
2022-02-25 price VHT                                 93.54 USD
2022-02-25 price GLD                                197.02 USD
2022-03-04 price VBMPX                              111.53 USD
2022-03-04 price RGAGX                               86.94 USD
2022-03-04 price ITOT                               241.46 USD
2022-03-04 price VEA                                153.66 USD
2022-03-04 price VHT                                 93.23 USD
2022-03-04 price GLD                                198.73 USD
2022-03-11 price VBMPX                              109.13 USD
2022-03-11 price RGAGX                               88.99 USD
2022-03-11 price ITOT                               241.09 USD
2022-03-11 price VEA                                155.58 USD
2022-03-11 price VHT                                 94.77 USD
2022-03-11 price GLD                                198.35 USD
2022-03-18 price VBMPX                              111.23 USD
2022-03-18 price RGAGX                               90.60 USD
2022-03-18 price ITOT                               235.36 USD
2022-03-18 price VEA                                157.20 USD
2022-03-18 price VHT                                 94.49 USD
2022-03-18 price GLD                                197.29 USD
2022-03-25 price VBMPX                              111.40 USD
2022-03-25 price RGAGX                               89.36 USD
2022-03-25 price ITOT                               235.22 USD
2022-03-25 price VEA                                157.34 USD
2022-03-25 price VHT                                 94.08 USD
2022-03-25 price GLD                                196.62 USD
2022-04-01 price VBMPX                              111.11 USD
2022-04-01 price RGAGX                               89.42 USD
2022-04-01 price ITOT                               240.84 USD
2022-04-01 price VEA                                159.27 USD
2022-04-01 price VHT                                 93.16 USD
2022-04-01 price GLD                                197.55 USD
2022-04-08 price VBMPX                              109.70 USD
2022-04-08 price RGAGX                               90.49 USD
2022-04-08 price ITOT                               239.39 USD
2022-04-08 price VEA                                159.03 USD
2022-04-08 price VHT                                 91.79 USD
2022-04-08 price GLD                                198.59 USD
2022-04-15 price VBMPX                              109.88 USD
2022-04-15 price RGAGX                               90.62 USD
2022-04-15 price ITOT                               248.05 USD
2022-04-15 price VEA                                161.74 USD
2022-04-15 price VHT                                 93.74 USD
2022-04-15 price GLD                                198.25 USD
2022-04-22 price VBMPX                              110.13 USD
2022-04-22 price RGAGX                               89.90 USD
2022-04-22 price ITOT                               246.41 USD
2022-04-22 price VEA                                160.00 USD
2022-04-22 price VHT                                 90.70 USD
2022-04-22 price GLD                                202.43 USD
2022-04-29 price VBMPX                              110.58 USD
2022-04-29 price RGAGX                               88.98 USD
2022-04-29 price ITOT                               242.08 USD
2022-04-29 price VEA                                160.38 USD
2022-04-29 price VHT                                 92.12 USD
2022-04-29 price GLD                                204.10 USD
2022-05-06 price VBMPX                              110.13 USD
2022-05-06 price RGAGX                               89.30 USD
2022-05-06 price ITOT                               241.09 USD
2022-05-06 price VEA                                162.04 USD
2022-05-06 price VHT                                 91.48 USD
2022-05-06 price GLD                                204.84 USD
2022-05-13 price VBMPX                              110.20 USD
2022-05-13 price RGAGX                               89.54 USD
2022-05-13 price ITOT                               246.35 USD
2022-05-13 price VEA                                162.10 USD
2022-05-13 price VHT                                 90.13 USD
2022-05-13 price GLD                                205.49 USD
2022-05-20 price VBMPX                              110.55 USD
2022-05-20 price RGAGX                               91.45 USD
2022-05-20 price ITOT                               236.30 USD
2022-05-20 price VEA                                162.69 USD
2022-05-20 price VHT                                 89.05 USD
2022-05-20 price GLD                                205.92 USD
2022-05-27 price VBMPX                              110.45 USD
2022-05-27 price RGAGX                               94.16 USD
2022-05-27 price ITOT                               233.42 USD
2022-05-27 price VEA                                161.31 USD
2022-05-27 price VHT                                 88.40 USD
2022-05-27 price GLD                                208.14 USD
2022-06-03 price VBMPX                              109.95 USD
2022-06-03 price RGAGX                               93.13 USD
2022-06-03 price ITOT                               230.80 USD
2022-06-03 price VEA                                159.40 USD
2022-06-03 price VHT                                 89.38 USD
2022-06-03 price GLD                                206.28 USD
2022-06-10 price VBMPX                              109.90 USD
2022-06-10 price RGAGX                               96.39 USD
2022-06-10 price ITOT                               232.85 USD
2022-06-10 price VEA                                158.92 USD
2022-06-10 price VHT                                 89.37 USD
2022-06-10 price GLD                                207.68 USD
2022-06-17 price VBMPX                              108.34 USD
2022-06-17 price RGAGX                               95.41 USD
2022-06-17 price ITOT                               238.17 USD
2022-06-17 price VEA                                158.04 USD
2022-06-17 price VHT                                 90.25 USD
2022-06-17 price GLD                                205.89 USD
2022-06-24 price VBMPX                              108.24 USD
2022-06-24 price RGAGX                               97.53 USD
2022-06-24 price ITOT                               240.29 USD
2022-06-24 price VEA                                158.55 USD
2022-06-24 price VHT                                 88.92 USD
2022-06-24 price GLD                                204.48 USD
2022-07-01 price VBMPX                              108.04 USD
2022-07-01 price RGAGX                               99.12 USD
2022-07-01 price ITOT                               245.33 USD
2022-07-01 price VEA                                157.75 USD
2022-07-01 price VHT                                 87.49 USD
2022-07-01 price GLD                                203.37 USD
2022-07-08 price VBMPX                              108.57 USD
2022-07-08 price RGAGX                               98.67 USD
2022-07-08 price ITOT                               248.24 USD
2022-07-08 price VEA                                158.19 USD
2022-07-08 price VHT                                 89.24 USD
2022-07-08 price GLD                                204.24 USD
2022-07-15 price VBMPX                              108.61 USD
2022-07-15 price RGAGX                               98.85 USD
2022-07-15 price ITOT                               248.73 USD
2022-07-15 price VEA                                157.91 USD
2022-07-15 price VHT                                 89.89 USD
2022-07-15 price GLD                                202.62 USD
2022-07-22 price VBMPX                              109.25 USD
2022-07-22 price RGAGX                              100.65 USD
2022-07-22 price ITOT                               244.93 USD
2022-07-22 price VEA                                159.14 USD
2022-07-22 price VHT                                 89.05 USD
2022-07-22 price GLD                                203.84 USD
2022-07-29 price VBMPX                              109.93 USD
2022-07-29 price RGAGX                              101.88 USD
2022-07-29 price ITOT                               243.47 USD
2022-07-29 price VEA                                159.96 USD
2022-07-29 price VHT                                 90.62 USD
2022-07-29 price GLD                                204.44 USD
2022-08-05 price VBMPX                              111.34 USD
2022-08-05 price RGAGX                              106.06 USD
2022-08-05 price ITOT                               245.71 USD
2022-08-05 price VEA                                160.82 USD
2022-08-05 price VHT                                 90.91 USD
2022-08-05 price GLD                                204.01 USD
2022-08-12 price VBMPX                              110.46 USD
2022-08-12 price RGAGX                              108.66 USD
2022-08-12 price ITOT                               244.44 USD
2022-08-12 price VEA                                160.34 USD
2022-08-12 price VHT                                 92.17 USD
2022-08-12 price GLD                                202.60 USD
2022-08-19 price VBMPX                              110.74 USD
2022-08-19 price RGAGX                              107.58 USD
2022-08-19 price ITOT                               245.84 USD
2022-08-19 price VEA                                159.68 USD
2022-08-19 price VHT                                 92.39 USD
2022-08-19 price GLD                                202.16 USD
2022-08-26 price VBMPX                              112.06 USD
2022-08-26 price RGAGX                              107.80 USD
2022-08-26 price ITOT                               248.97 USD
2022-08-26 price VEA                                159.39 USD
2022-08-26 price VHT                                 94.62 USD
2022-08-26 price GLD                                201.43 USD
2022-09-02 price VBMPX                              110.86 USD
2022-09-02 price RGAGX                              109.21 USD
2022-09-02 price ITOT                               249.39 USD
2022-09-02 price VEA                                160.26 USD
2022-09-02 price VHT                                 96.77 USD
2022-09-02 price GLD                                201.41 USD
2022-09-09 price VBMPX                              112.34 USD
2022-09-09 price RGAGX                              109.65 USD
2022-09-09 price ITOT                               249.96 USD
2022-09-09 price VEA                                158.18 USD
2022-09-09 price VHT                                 94.49 USD
2022-09-09 price GLD                                203.88 USD
2022-09-16 price VBMPX                              112.74 USD
2022-09-16 price RGAGX                              107.63 USD
2022-09-16 price ITOT                               249.18 USD
2022-09-16 price VEA                                158.93 USD
2022-09-16 price VHT                                 92.57 USD
2022-09-16 price GLD                                204.62 USD
2022-09-23 price VBMPX                              111.26 USD
2022-09-23 price RGAGX                              102.67 USD
2022-09-23 price ITOT                               241.90 USD
2022-09-23 price VEA                                158.02 USD
2022-09-23 price VHT                                 90.85 USD
2022-09-23 price GLD                                207.44 USD
2022-09-30 price VBMPX                              109.94 USD
2022-09-30 price RGAGX                              101.60 USD
2022-09-30 price ITOT                               234.69 USD
2022-09-30 price VEA                                157.91 USD
2022-09-30 price VHT                                 90.66 USD
2022-09-30 price GLD                                206.37 USD
2022-10-07 price VBMPX                              111.30 USD
2022-10-07 price RGAGX                              101.99 USD
2022-10-07 price ITOT                               236.14 USD
2022-10-07 price VEA                                157.11 USD
2022-10-07 price VHT                                 92.18 USD
2022-10-07 price GLD                                205.91 USD
2022-10-14 price VBMPX                              110.61 USD
2022-10-14 price RGAGX                              101.58 USD
2022-10-14 price ITOT                               242.38 USD
2022-10-14 price VEA                                158.85 USD
2022-10-14 price VHT                                 96.39 USD
2022-10-14 price GLD                                208.47 USD
2022-10-21 price VBMPX                              113.55 USD
2022-10-21 price RGAGX                              100.92 USD
2022-10-21 price ITOT                               235.52 USD
2022-10-21 price VEA                                159.40 USD
2022-10-21 price VHT                                 95.59 USD
2022-10-21 price GLD                                207.58 USD
2022-10-28 price VBMPX                              113.03 USD
2022-10-28 price RGAGX                              101.94 USD
2022-10-28 price ITOT                               239.12 USD
2022-10-28 price VEA                                159.89 USD
2022-10-28 price VHT                                 95.63 USD
2022-10-28 price GLD                                207.47 USD
2022-11-04 price VBMPX                              115.73 USD
2022-11-04 price RGAGX                               99.40 USD
2022-11-04 price ITOT                               237.92 USD
2022-11-04 price VEA                                160.57 USD
2022-11-04 price VHT                                 97.27 USD
2022-11-04 price GLD                                211.31 USD
2022-11-11 price VBMPX                              116.37 USD
2022-11-11 price RGAGX                               99.70 USD
2022-11-11 price ITOT                               233.97 USD
2022-11-11 price VEA                                161.60 USD
2022-11-11 price VHT                                 95.87 USD
2022-11-11 price GLD                                212.12 USD



* Cash

